3375 5500
1423 468 1502 530 15

220 680 545 757 fateatur.
631 681 697 754 6.
750 675 1110 756 Quamdiu
1141 676 1512 776 quisquam
1549 676 1711 764 erit,
1748 677 1965 776 quite
1996 677 2361 755 defendere
2392 682 2677 772 audeat,

221 812 414 886 vives
435 869 454 898 ,
508 807 629 882 sed
664 807 755 899 ιθ)
811 805 1000 878 vives
1042 804 1140 878 ita
1160 864 1179 891 ,
1233 810 1309 877 ut
1351 805 1556 894 vivis,
1617 805 1856 880 multis
1903 807 2077 881 meis
2120 815 2191 882 et
2234 810 2450 884 firmis
2482 837 2676 910 prae—

221 938 422 1013 sidiis
490 958 858 1036 oppressus
916 935 1008 1026 17)
1029 991 1048 1021 ,
1112 953 1201 1006 ne
1257 958 1682 1007 commovere
1748 942 1817 1007 te
1888 942 2124 1010 eontra
2182 938 2680 1036 rempublicam

215 1067 466 1166 possiS.
563 1063 952 1138 Multorum
1021 1069 1088 1134 te
1142 1060 1353 1135 etiam
1418 1062 1599 1135 oculi
1649 1069 1721 1134 et
1771 1087 1971 1138 aures
2021 1089 2161 1139 non
2225 1063 2633 1141 sentientem
2658 1124 2677 1154 ,

141 1207 144 1212 ’
183 1195 408 1271 sicut
458 1193 686 1270 adhuc
731 1191 1039 1266 fecerunt
1057 1249 1076 1278 ,
1129 1189 1670 1288 speculabuntur
1723 1199 1933 1290 atque
1978 1192 2390 1269 custodient.

307 1324 378 1395 ιὅ)
414 1333 465 1378 et
496 1326 634 1376 vives
668 1324 752 1373 ita.
893 1318 955 1388 ¹⁷)
991 1321 1232 1372 obsessus.

207 1563 291 1574 —-
313 1526 465 1588 vives
499 1526 596 1586 sed
623 1525 768 1586 vives
788 1531 851 1585 ut
882 1525 1036 1586 vivis,
1121 1524 1437 1605 Inelegans
1471 1527 1771 1606 repetitio
1826 1524 1944 1587 Pro
1972 1546 2045 1587 eo
2075 1528 2236 1608 quod
2266 1526 2436 1587 codd.
2462 1535 2525 1586 et
2553 1525 2689 1586 edd.

207 1626 475 1686 habent:
505 1630 556 1682 et
581 1621 728 1682 vives
749 1621 988 1702 Madvig
1017 1622 1209 1682 dedit:
1241 1622 1338 1681 sed
1366 1621 1527 1681 vives.
1572 1620 1770 1682 »Vives
1799 1629 1852 1681 et
1879 1622 2026 1682 vives
2047 1624 2130 1682 sic
2152 1624 2376 1684 dicitur
2398 1622 2567 1700 quasi
2591 1621 2692 1681 ad·

211 1721 466 1783 scendat
489 1717 678 1779 oratio
701 1717 763 1775 in
780 1718 990 1777 eadem
1014 1718 1313 1776 sententia
1335 1726 1751 1796 augeaturque
1777 1717 2190 1777 beneficium.''
2213 1717 2479 1797 Repono:
2510 1716 2695 1775 »vives

213 1819 310 1879 sed
349 1817 495 1877 vives
530 1816 613 1875 ita
645 1812 870 1873 dicitur
906 1823 973 1872 ut
1017 1813 1386 1876 contrarium
1426 1812 1692 1882 obtinet,
1738 1814 1927 1892 igitur
1955 1823 2025 1872 ut
2067 1813 2427 1874 beneficium
2462 1811 2694 1870 minua—

214 1924 332 1974 tur.
380 1911 498 1973 Sed
521 1912 585 1971 in
605 1909 862 1970 Catilina
885 1910 972 1968 nil
993 1895 1400 1969 mutabatur:”
1432 1915 1484 1968 te
1503 1941 1583 1954 —
1606 1908 1751 1969 sicut
1772 1911 1963 1970 adhue
1983 1911 2243 1989 fecerunt
2261 1943 2343 1955 —-
2363 1908 2693 1970 custodient.

213 2007 626 2088 —praesidiis
655 2006 924 2066 obsessus.
1011 2005 1088 2066 Ut
1119 2007 1379 2085 saepius,
1402 2005 1459 2064 h.
1484 2006 1520 2065 l.
1546 2026 1788 2085 quoque
1819 2007 2031 2068 rhetor
2051 2009 2429 2070 dormitavit:
2461 2008 2694 2066 nescire

215 2107 458 2168 videtur
500 2103 647 2183 quid
690 2103 813 2162 sint
847 2102 1176 2181 praesidia,
1219 2102 1382 2182 quod
1426 2121 1550 2162 voe.
1589 2121 1825 2183 semper
1866 2105 1951 2163 ita
1994 2107 2241 2184 ponitur
2282 2114 2351 2165 ut
2394 2123 2498 2164 eos
2540 2103 2693 2162 indi-

217 2213 338 2272 cet,
395 2202 500 2281 qui
554 2198 670 2258 hoc
714 2207 928 2278 agunt,
978 2208 1047 2257 ut
1091 2198 1354 2277 aliquem
1403 2196 1764 2266 defendant,
1807 2200 2171 2261 custodiant:
2209 2218 2387 2260 nemo
2428 2216 2697 2278 unquam
2792 2271 2797 2274 Ι

221 2299 577 2379 opprimitur
631 2295 728 2355 vel
784 2294 1098 2354 obsidetur
1153 2294 1465 2374 praesidiis
1485 2340 1500 2362 ,
1557 2313 1634 2352 ne
1694 2312 2070 2356 commovere
2129 2315 2193 2356 se
2250 2297 2437 2376 possit
2487 2304 2696 2354 contra

219 2398 507 2475 aliquem3
549 2392 663 2450 hoe
696 2392 856 2450 enim
887 2391 1182 2470 praesidia
1215 2389 1451 2449 efficere
1487 2407 1609 2448 non
1638 2399 1922 2468 possunt,
1960 2392 2066 2452 sed
2098 2401 2166 2452 ut
2201 2402 2411 2453 contra
2444 2391 2698 2450 aliorum

218 2490 470 2550 iniurias
519 2496 580 2546 et
624 2487 747 2546 vim
790 2486 1004 2564 aliquis
1049 2485 1426 2546 defendatur.
1465 2517 1546 2528 -—
1595 2483 1851 2545 Catilina
1898 2486 2175 2547 obsessus
2218 2488 2337 2547 illis
2382 2485 2698 2567 praesidiis

218 2585 521 2645 Ciceronis
561 2583 646 2640 ita
695 2581 858 2641 vivet
907 2587 970 2641 ut
1010 2581 1175 2650 vivit,
1225 2600 1304 2640 ne
1348 2591 1558 2640 contra
1609 2581 2041 2660 rempublicam
2083 2601 2326 2644 movere
2370 2600 2433 2640 se
2479 2581 2695 2659 possit:

219 2680 384 2762 quod
427 2680 553 2739 sine
589 2675 774 2737 dubio
809 2675 1246 2736 subridiculum
1277 2663 1398 2744 est:
1430 2676 1548 2735 illis
1584 2677 1746 2734 enim
1782 2678 2097 2756 praesidiis
2134 2677 2410 2737 obsessus
2441 2674 2697 2734 Catilina

223 2779 422 2839 omnia
471 2776 546 2835 ad
602 2774 980 2841 incendium,
1032 2775 1107 2834 ad
1152 2774 1550 2833 vastationem
1601 2786 2082 2853 comparaverat,
2133 2774 2457 2853 descriptio
2508 2780 2699 2831 totam

222 2894 327 2952 per
371 2872 584 2932 urbem
626 2871 826 2930 caedis
874 2880 1054 2950 atque
1096 2870 1514 2930 incendiorum
1571 2869 1645 2928 ab
1700 2876 1777 2930 'eo
1828 2872 2155 2931 constituta
2207 2880 2339 2931 crat
2389 2887 2577 2949 quum
2620 2866 2695 2926 ad

224 2970 292 3031 M.
338 2969 588 3030 Laecam
631 2969 939 3047 superiore
999 2977 1176 3028 nocte
1219 2976 1628 3026 convenerant
1680 2967 2008 3027 coniurati:
2057 2967 2207 3027 haec
2253 2966 2451 3025 omnia
2508 2962 2697 3040 igitur

225 3066 532 3145 praesidiis
577 3064 695 3123 illis
740 3064 1017 3123 obsessus
1061 3063 1313 3123 Catilina
1357 3060 1594 3121 efficere
1637 3062 1868 3139 potuit,
1912 3062 2075 3140 quod
2118 3063 2222 3141 qui
2257 3063 2455 3121 faeere
2501 3056 2699 3136 potuit

225 3164 304 3222 ita
347 3162 499 3223 vixit
554 3178 664 3239 per
718 3158 1100 3229 Ciceronem,
1161 3168 1230 3218 ut
1287 3174 1661 3217 commovere
1715 3176 1777 3217 se
1830 3166 2038 3217 eontra
2081 3178 2267 3239 remp.
2313 3175 2435 3219 non
2480 3161 2735 3235 posset.-

223 3292 299 3303 —
354 3274 689 3317 commovere
744 3262 797 3315 te
845 3263 1044 3317 eontra
1097 3253 1543 3332 rempublicam:
1587 3242 1743 3312 nova
1794 3254 2080 3333 loquendi
2138 3255 2359 3323 forma,
2415 3249 2699 3311 Romanis

227 3354 433 3414 saltem
462 3352 748 3411 inaudita.
833 3351 1216 3413 Commovere
1254 3368 1468 3427 nempe
1505 3366 1614 3409 nos
1650 3367 1964 3427 possumus
2006 3359 2215 3410 contra
2250 3368 2415 3417 eum,
2447 3346 2551 3425 qui
2586 3360 2697 3402 nos

228 3459 496 3516 exercet,
545 3448 649 3526 qui
692 3447 814 3507 vim
850 3448 1023 3508 nobis
1067 3447 1291 3507 inferre
1334 3455 1611 3513 conatur,
1654 3446 1819 3524 quod
1863 3454 2027 3505 certe
2072 3464 2196 3506 non
2241 3444 2402 3505 cadit
2444 3443 2507 3501 in
2544 3456 2697 3499 rem-

229 3544 545 3620 publicam,
588 3544 758 3603 cuius
810 3555 902 3604 est
954 3564 1160 3605 omnes
1210 3542 1554 3603 defendere.
1642 3537 1923 3601 Latinum
1966 3550 2081 3601 est:
2124 3542 2426 3620 suscipere
2471 3532 2699 3614 aliquid

229 3651 432 3701 contra
495 3641 954 3720 rempublicam,
1017 3652 1085 3702 ut
1143 3650 1235 3701 est
1299 3639 1456 3718 apud
1511 3636 1626 3697 Cic.
1677 3658 1731 3716 p.
1778 3637 1919 3697 Rab.
1978 3638 2143 3716 perd.
2202 3655 2307 3697 reo
2359 3637 2451 3694 12.
2478 3632 2544 3712 5
2601 3631 2695 3689 35.

229 3770 304 3780 —-
356 3736 663 3795 multorum
719 3743 772 3796 te
827 3737 996 3796 etiam
1007 3758 1028 3805 ,·
1075 3754 1238 3796 »γοα
1285 3734 1456 3793 etiam
1497 3732 1705 3792 adiicit
1740 3733 1828 3800 ei,
1870 3734 2034 3812 quod
2071 3733 2300 3792 dictum
2336 3740 2440 3791 aut
2475 3727 2697 3805 cogita-

231 3841 354 3892 tum
389 3842 507 3900 est,
544 3833 708 3893 aliud
741 3833 942 3914 quid.”
974 3831 1213 3913 (Handii
1253 3830 1418 3889 TurS.
1442 3826 1511 3885 II.
1546 3847 1598 3906 p.
1626 3827 1793 3908 547);
1826 3826 2130 3907 signifieat
2160 3829 2349 3907 igitur
2372 3829 2697 3904 praeterea,

232 3939 524 4009 augetque
589 3929 753 4008 quod
815 3930 880 3988 in
943 3927 1350 4008 superioribus
1393 3924 1619 3983 dietum
1663 3932 1779 3981 est:
1830 3934 1892 3983 at
1932 3922 1991 3982 h.
2035 3925 2072 3982 l.
2117 3924 2203 3983 nil
2260 3922 2487 3982 indicat
2536 3916 2698 3997 quod

231 4024 290 4082 in
318 4025 814 4103 praecedentibus
845 4044 966 4086 non
1004 4037 1096 4086 est
1126 4024 1522 4085 enuntiatum.
1608 4018 1912 4079 Praesidia
1942 4020 2104 4079 enim
2140 4018 2444 4080 Ciceronis
2479 4013 2701 4095 quibus

233 4118 480 4183 Catilina
529 4131 659 4181 erat
713 4122 1019 4191 obsessuS,
1070 4141 1190 4182 non
1247 4129 1421 4179 erant
1475 4116 1751 4175 homines
1805 4116 2049 4184 armati,
2092 4115 2209 4175 nisi
2254 4134 2327 4175 eo
2370 4115 2468 4174 die
2510 4128 2699 4189 quum

233 4215 463 4289 Cicero,
513 4218 735 4297 insigni
785 4218 886 4277 illa
931 4218 1115 4278 lorica
1159 4220 1221 4277 in
1265 4230 1540 4293 campum
1584 4211 2005 4281 descenderat,
2062 4230 2115 4289 p.
2161 4209 2307 4270 Mur.
2359 4210 2453 4268 26.
2498 4206 2546 4285 ἓ
2589 4206 2699 4271 52,

234 4316 334 4375 sed
390 4315 618 4375 indices
668 4323 731 4372 et
783 4314 845 4373 id
896 4332 1086 4393 genus
1147 4312 1488 4378 hominum,
1552 4308 1656 4387 qui
1722 4306 2011 4367 Catilinae
2076 4306 2325 4367 consilia
2388 4301 2699 4381 explorare

236 4410 584 4478 studebant,
647 4410 834 4489 igitur
883 4409 1092 4477 iidem,
1142 4411 1245 4488 qui
1296 4426 1437 4468 eum
1487 4402 1952 4484 speculabantur
2001 4412 2062 4461 et
2104 4397 2527 4460 custodiebant
2575 4412 2699 4454 non

237 4507 623 4573 sentientem,
667 4515 735 4565 ut
766 4506 947 4565 etiam
988 4506 1260 4565 additur:
1305 4505 1498 4563 »sieut
1535 4500 1731 4561 adhue
1762 4496 2089 4559 fecerunt.’'
2174 4494 2349 4566 Quod
2388 4489 2700 4567 subiungit

238 4598 465 4660 rhetor:
533 4601 841 4662 mullorum
903 4620 1072 4662 aures
1135 4608 1187 4661 te
1239 4636 1320 4646 —
1373 4598 1813 4679 speculabuntur
1868 4602 1921 4656 et
1982 4592 2323 4661 custodient,
2379 4590 2455 4649 de
2514 4585 2701 4647 oculis

239 4707 394 4755 recte
439 4696 691 4768 dicitur,
742 4698 818 4758 de
863 4697 1108 4758 auribus
1163 4708 1372 4758 contra
1423 4694 1668 4755 stultius
1718 4700 1841 4762 est,
1882 4708 2064 4771 quam
2106 4700 2174 4750 ut
2216 4688 2469 4752 verbum
2511 4683 2587 4744 de
2631 4700 2704 4742 ea

242 4806 302 4848 re
343 4792 686 4853 addendum
729 4813 858 4857 esse
902 4789 1193 4856 videatur.

2346 4903 2384 4963 5
