<?xml version="1.0" encoding="UTF-8"?>
<!DOCTYPE html PUBLIC "-//W3C//DTD XHTML 1.0 Transitional//EN"
    "http://www.w3.org/TR/xhtml1/DTD/xhtml1-transitional.dtd">
<html xmlns="http://www.w3.org/1999/xhtml" xml:lang="en" lang="en">
 <head>
  <title>
</title>
<meta http-equiv="Content-Type" content="text/html;charset=utf-8" />
  <meta name='ocr-system' content='tesseract 3.04.00' />
  <meta name='ocr-capabilities' content='ocr_page ocr_carea ocr_par ocr_line ocrx_word'/>
</head>
<body>
  <div class='ocr_page' id='page_1' title='image "./disputatiodeora00cicegoog_0057.png"; bbox 0 0 3375 5500; ppageno 0'>
   <div class='ocr_carea' id='block_1_1' title="bbox 2540 462 2739 504">
    <p class='ocr_par' dir='ltr' id='par_1_1' title="bbox 2540 462 2739 504">
     <span class='ocr_line' id='line_1_1' title="bbox 2540 462 2739 504; baseline 0 0"><span class='ocrx_word' id='word_1_1' title='bbox 2540 462 2739 504; x_wconf 67' lang='lat' dir='ltr'><strong>xxxnt</strong></span> 
     </span>
    </p>
   </div>
   <div class='ocr_carea' id='block_1_2' title="bbox 259 645 2734 3849">
    <p class='ocr_par' dir='ltr' id='par_1_2' title="bbox 259 645 2734 3013">
     <span class='ocr_line' id='line_1_2' title="bbox 267 645 2728 738; baseline -0.002 -20"><span class='ocrx_word' id='word_1_2' title='bbox 267 673 484 720; x_wconf 82' lang='lat' dir='ltr'><strong>meros</strong></span> <span class='ocrx_word' id='word_1_3' title='bbox 543 673 916 738; x_wconf 82' lang='lat' dir='ltr'><strong>apposuero.</strong></span> <span class='ocrx_word' id='word_1_4' title='bbox 1008 652 1340 735; x_wconf 81' lang='lat' dir='ltr'><strong>Proelium</strong></span> <span class='ocrx_word' id='word_1_5' title='bbox 1401 650 1576 718; x_wconf 88' lang='lat' dir='ltr'><strong>enim</strong></span> <span class='ocrx_word' id='word_1_6' title='bbox 1613 648 1792 715; x_wconf 83' lang='lat' dir='ltr'><strong>illud</strong></span> <span class='ocrx_word' id='word_1_7' title='bbox 1847 645 2261 714; x_wconf 83' lang='lat' dir='ltr'><strong>commissum</strong></span> <span class='ocrx_word' id='word_1_8' title='bbox 2318 654 2417 716; x_wconf 84' lang='lat' dir='ltr'><strong>est</strong></span> <span class='ocrx_word' id='word_1_9' title='bbox 2462 671 2520 714; x_wconf 86' lang='lat' dir='ltr'><strong>a.</strong></span> <span class='ocrx_word' id='word_1_10' title='bbox 2562 673 2629 714; x_wconf 97' lang='grc' dir='ltr'><strong>ιι.</strong></span> <span class='ocrx_word' id='word_1_11' title='bbox 2672 673 2728 716; x_wconf 91' lang='lat' dir='ltr'><strong>c.</strong></span> 
     </span>
     <span class='ocr_line' id='line_1_3' title="bbox 268 769 2729 857; baseline -0.001 -23"><span class='ocrx_word' id='word_1_12' title='bbox 268 772 408 835; x_wconf 79' lang='lat'><strong>564</strong></span> <span class='ocrx_word' id='word_1_13' title='bbox 451 772 528 836; x_wconf 88' lang='lat' dir='ltr'><strong>L.</strong></span> <span class='ocrx_word' id='word_1_14' title='bbox 565 772 870 857; x_wconf 83' lang='lat' dir='ltr'>Scipione</span> <span class='ocrx_word' id='word_1_15' title='bbox 903 771 978 837; x_wconf 87' lang='lat' dir='ltr'><strong>C.</strong></span> <span class='ocrx_word' id='word_1_16' title='bbox 1014 769 1241 840; x_wconf 85' lang='lat' dir='ltr'><strong>Laelio</strong></span> <span class='ocrx_word' id='word_1_17' title='bbox 1283 793 1446 837; x_wconf 84' lang='lat' dir='ltr'><strong>coss.</strong></span> <span class='ocrx_word' id='word_1_18' title='bbox 1488 775 1646 856; x_wconf 81' lang='lat'>1⁹⁸);</span> <span class='ocrx_word' id='word_1_19' title='bbox 1692 790 1921 836; x_wconf 83' lang='lat' dir='ltr'><strong>censor</strong></span> <span class='ocrx_word' id='word_1_20' title='bbox 1952 769 2273 836; x_wconf 80' lang='lat' dir='ltr'><strong>Aemilius</strong></span> <span class='ocrx_word' id='word_1_21' title='bbox 2316 774 2453 835; x_wconf 88' lang='lat' dir='ltr'><strong>erat</strong></span> <span class='ocrx_word' id='word_1_22' title='bbox 2492 789 2549 832; x_wconf 86' lang='lat' dir='ltr'><strong>a.</strong></span> <span class='ocrx_word' id='word_1_23' title='bbox 2578 791 2646 834; x_wconf 93' lang='grc' dir='ltr'><strong>ιι.</strong></span> <span class='ocrx_word' id='word_1_24' title='bbox 2673 790 2729 834; x_wconf 91' lang='lat' dir='ltr'><strong>c.</strong></span> 
     </span>
     <span class='ocr_line' id='line_1_4' title="bbox 266 889 2730 978; baseline 0.001 -24"><span class='ocrx_word' id='word_1_25' title='bbox 266 893 426 968; x_wconf 79' lang='lat'><strong>575.</strong></span> <span class='ocrx_word' id='word_1_26' title='bbox 515 891 766 957; x_wconf 84' lang='lat' dir='ltr'><strong>Eodem</strong></span> <span class='ocrx_word' id='word_1_27' title='bbox 813 892 937 960; x_wconf 85' lang='lat' dir='ltr'><strong>hoc</strong></span> <span class='ocrx_word' id='word_1_28' title='bbox 983 893 1194 978; x_wconf 88' lang='lat' dir='ltr'><strong>capite</strong></span> <span class='ocrx_word' id='word_1_29' title='bbox 1243 890 1441 958; x_wconf 84' lang='lat' dir='ltr'><strong>etiam</strong></span> <span class='ocrx_word' id='word_1_30' title='bbox 1487 896 1662 956; x_wconf 88' lang='lat' dir='ltr'><strong>recte</strong></span> <span class='ocrx_word' id='word_1_31' title='bbox 1716 890 1987 974; x_wconf 82' lang='lat' dir='ltr'><strong>legitur:</strong></span> <span class='ocrx_word' id='word_1_32' title='bbox 2050 915 2085 950; x_wconf 71' lang='lat' dir='ltr'><strong>n</strong></span> <span class='ocrx_word' id='word_1_33' title='bbox 2103 889 2202 952; x_wconf 92' lang='lat' dir='ltr'><strong>M.</strong></span> <span class='ocrx_word' id='word_1_34' title='bbox 2242 889 2561 954; x_wconf 86' lang='lat' dir='ltr'><strong>Aemilius</strong></span> <span class='ocrx_word' id='word_1_35' title='bbox 2618 910 2730 974; x_wconf 88' lang='lat' dir='ltr'><strong>pe-</strong></span> 
     </span>
     <span class='ocr_line' id='line_1_5' title="bbox 263 1007 2732 1096; baseline -0.002 -21"><span class='ocrx_word' id='word_1_36' title='bbox 263 1010 380 1076; x_wconf 82' lang='lat' dir='ltr'><strong>tiit</strong></span> <span class='ocrx_word' id='word_1_37' title='bbox 428 1010 512 1084; x_wconf 80' lang='lat' dir='ltr'><strong>ab</strong></span> <span class='ocrx_word' id='word_1_38' title='bbox 559 1013 806 1079; x_wconf 80' lang='lat' dir='ltr'><strong>Senatu</strong></span> <span class='ocrx_word' id='word_1_39' title='bbox 819 1059 841 1089; x_wconf 87' lang='lat'>‚</span> <span class='ocrx_word' id='word_1_40' title='bbox 890 1017 968 1077; x_wconf 85' lang='lat' dir='ltr'><strong>ut</strong></span> <span class='ocrx_word' id='word_1_41' title='bbox 1010 1011 1136 1077; x_wconf 85' lang='lat' dir='ltr'><strong>sibi</strong></span> <span class='ocrx_word' id='word_1_42' title='bbox 1191 1009 1613 1078; x_wconf 76' lang='lat' dir='ltr'><strong>dedicationis</strong></span> <span class='ocrx_word' id='word_1_43' title='bbox 1663 1009 2057 1096; x_wconf 87' lang='lat' dir='ltr'><strong>templorum</strong></span> <span class='ocrx_word' id='word_1_44' title='bbox 2115 1008 2405 1092; x_wconf 83' lang='lat' dir='ltr'><strong>Reginae</strong></span> <span class='ocrx_word' id='word_1_45' title='bbox 2456 1007 2732 1072; x_wconf 90' lang='lat' dir='ltr'><strong>Iunonis</strong></span> 
     </span>
     <span class='ocr_line' id='line_1_6' title="bbox 263 1114 2734 1216; baseline -0.001 -22"><span class='ocrx_word' id='word_1_46' title='bbox 263 1136 336 1194; x_wconf 90' lang='lat' dir='ltr'><strong>et</strong></span> <span class='ocrx_word' id='word_1_47' title='bbox 386 1114 678 1209; x_wconf 82' lang='lat' dir='ltr'><strong>Dianae,</strong></span> <span class='ocrx_word' id='word_1_48' title='bbox 706 1152 872 1216; x_wconf 87' lang='lat' dir='ltr'><strong>quae</strong></span> <span class='ocrx_word' id='word_1_49' title='bbox 913 1131 1086 1197; x_wconf 92' lang='lat' dir='ltr'><strong>bello</strong></span> <span class='ocrx_word' id='word_1_50' title='bbox 1116 1131 1464 1215; x_wconf 78' lang='lat' dir='ltr'><strong>Ligustino</strong></span> <span class='ocrx_word' id='word_1_51' title='bbox 1507 1135 1662 1212; x_wconf 84' lang='lat' dir='ltr'><strong>ante</strong></span> <span class='ocrx_word' id='word_1_52' title='bbox 1696 1128 1885 1194; x_wconf 81' lang='lat' dir='ltr'><strong>annis</strong></span> <span class='ocrx_word' id='word_1_53' title='bbox 1919 1132 2067 1200; x_wconf 83' lang='lat' dir='ltr'><strong>octo</strong></span> <span class='ocrx_word' id='word_1_54' title='bbox 2104 1127 2421 1210; x_wconf 80' lang='lat' dir='ltr'><strong>vovisset,</strong></span> <span class='ocrx_word' id='word_1_55' title='bbox 2460 1127 2734 1212; x_wconf 82' lang='lat' dir='ltr'><strong>pecunia</strong></span> 
     </span>
     <span class='ocr_line' id='line_1_7' title="bbox 261 1229 2729 1320; baseline -0.002 -6"><span class='ocrx_word' id='word_1_56' title='bbox 261 1251 352 1315; x_wconf 88' lang='lat' dir='ltr'><strong>ad</strong></span> <span class='ocrx_word' id='word_1_57' title='bbox 396 1251 586 1318; x_wconf 86' lang='lat' dir='ltr'><strong>ludos</strong></span> <span class='ocrx_word' id='word_1_58' title='bbox 631 1251 1144 1318; x_wconf 84' lang='lat' dir='ltr'><strong>decerneretur.”</strong></span> <span class='ocrx_word' id='word_1_59' title='bbox 1235 1249 1557 1316; x_wconf 81' lang='lat' dir='ltr'><strong>Aemilius</strong></span> <span class='ocrx_word' id='word_1_60' title='bbox 1605 1250 1781 1317; x_wconf 87' lang='lat' dir='ltr'><strong>enim</strong></span> <span class='ocrx_word' id='word_1_61' title='bbox 1816 1248 2045 1320; x_wconf 77' lang='lat' dir='ltr'><strong>consul</strong></span> <span class='ocrx_word' id='word_1_62' title='bbox 2086 1247 2215 1314; x_wconf 80' lang='lat' dir='ltr'><strong>fuit</strong></span> <span class='ocrx_word' id='word_1_63' title='bbox 2254 1270 2317 1317; x_wconf 81' lang='lat' dir='ltr'><strong>a.</strong></span> <span class='ocrx_word' id='word_1_64' title='bbox 2359 1270 2426 1311; x_wconf 93' lang='grc' dir='ltr'><strong>ιι.</strong></span> <span class='ocrx_word' id='word_1_65' title='bbox 2448 1229 2525 1312; x_wconf 86' lang='lat' dir='ltr'><strong>c.</strong></span> <span class='ocrx_word' id='word_1_66' title='bbox 2580 1248 2729 1310; x_wconf 84' lang='grc'><strong>567.</strong></span> 
     </span>
     <span class='ocr_line' id='line_1_8' title="bbox 261 1367 2731 1456; baseline -0.002 -22"><span class='ocrx_word' id='word_1_67' title='bbox 261 1370 426 1436; x_wconf 91' lang='lat' dir='ltr'><strong>Duo</strong></span> <span class='ocrx_word' id='word_1_68' title='bbox 472 1371 684 1439; x_wconf 86' lang='lat' dir='ltr'><strong>adhuc</strong></span> <span class='ocrx_word' id='word_1_69' title='bbox 730 1373 978 1437; x_wconf 85' lang='lat' dir='ltr'><strong>restant</strong></span> <span class='ocrx_word' id='word_1_70' title='bbox 1023 1370 1150 1436; x_wconf 89' lang='lat' dir='ltr'><strong>loci</strong></span> <span class='ocrx_word' id='word_1_71' title='bbox 1191 1369 1450 1436; x_wconf 81' lang='lat' dir='ltr'><strong>Liviani</strong></span> <span class='ocrx_word' id='word_1_72' title='bbox 1467 1417 1489 1448; x_wconf 91' lang='lat'><strong>,</strong></span> <span class='ocrx_word' id='word_1_73' title='bbox 1534 1391 1769 1456; x_wconf 84' lang='lat' dir='ltr'><strong>nempe</strong></span> <span class='ocrx_word' id='word_1_74' title='bbox 1806 1368 2141 1436; x_wconf 89' lang='lat' dir='ltr'>XXXIII.</span> <span class='ocrx_word' id='word_1_75' title='bbox 2168 1371 2279 1434; x_wconf 81' lang='lat'><strong>44.</strong></span> <span class='ocrx_word' id='word_1_76' title='bbox 2322 1370 2358 1454; x_wconf 56' lang='grc' dir='ltr'>ᾗ</span> <span class='ocrx_word' id='word_1_77' title='bbox 2390 1371 2463 1446; x_wconf 80' lang='grc'><strong>2,</strong></span> <span class='ocrx_word' id='word_1_78' title='bbox 2507 1367 2731 1431; x_wconf 86' lang='lat' dir='ltr'>XLII.</span> 
     </span>
     <span class='ocr_line' id='line_1_9' title="bbox 264 1487 2731 1575; baseline -0.001 -21"><span class='ocrx_word' id='word_1_79' title='bbox 264 1493 378 1558; x_wconf 87' lang='lat'><strong>10.</strong></span> <span class='ocrx_word' id='word_1_80' title='bbox 433 1494 469 1575; x_wconf 61' lang='grc' dir='ltr'>ᾧ</span> <span class='ocrx_word' id='word_1_81' title='bbox 509 1495 570 1556; x_wconf 84' lang='grc'><strong>5.</strong></span> <span class='ocrx_word' id='word_1_82' title='bbox 629 1491 702 1554; x_wconf 87' lang='lat' dir='ltr'><strong>in</strong></span> <span class='ocrx_word' id='word_1_83' title='bbox 750 1489 984 1574; x_wconf 81' lang='lat' dir='ltr'><strong>quibus</strong></span> <span class='ocrx_word' id='word_1_84' title='bbox 1024 1496 1302 1574; x_wconf 66' lang='lat' dir='ltr'><strong>,uterque</strong></span> <span class='ocrx_word' id='word_1_85' title='bbox 1357 1489 1674 1556; x_wconf 84' lang='lat' dir='ltr'><strong>terminus</strong></span> <span class='ocrx_word' id='word_1_86' title='bbox 1734 1509 2007 1574; x_wconf 79' lang='lat' dir='ltr'><strong>numero</strong></span> <span class='ocrx_word' id='word_1_87' title='bbox 2054 1510 2195 1556; x_wconf 91' lang='lat' dir='ltr'><strong>non</strong></span> <span class='ocrx_word' id='word_1_88' title='bbox 2238 1487 2731 1574; x_wconf 87' lang='lat' dir='ltr'><strong>comprehendi·</strong></span> 
     </span>
     <span class='ocr_line' id='line_1_10' title="bbox 259 1607 2733 1693; baseline -0.001 -19"><span class='ocrx_word' id='word_1_89' title='bbox 259 1615 382 1674; x_wconf 87' lang='lat' dir='ltr'><strong>tur</strong></span> <span class='ocrx_word' id='word_1_90' title='bbox 392 1635 413 1688; x_wconf 84' lang='lat'><strong>,-</strong></span> <span class='ocrx_word' id='word_1_91' title='bbox 472 1608 704 1693; x_wconf 85' lang='lat' dir='ltr'><strong>quibus</strong></span> <span class='ocrx_word' id='word_1_92' title='bbox 768 1614 990 1676; x_wconf 84' lang='lat' dir='ltr'><strong>tamen</strong></span> <span class='ocrx_word' id='word_1_93' title='bbox 1037 1609 1447 1677; x_wconf 85' lang='lat' dir='ltr'><strong>inaedificare</strong></span> <span class='ocrx_word' id='word_1_94' title='bbox 1497 1609 1682 1676; x_wconf 83' lang='lat' dir='ltr'><strong>illam</strong></span> <span class='ocrx_word' id='word_1_95' title='bbox 1732 1607 2093 1677; x_wconf 73' lang='lat' dir='ltr'><strong>doctrinam</strong></span> <span class='ocrx_word' id='word_1_96' title='bbox 2149 1607 2229 1676; x_wconf 85' lang='lat' dir='ltr'><strong>de</strong></span> <span class='ocrx_word' id='word_1_97' title='bbox 2284 1607 2733 1680; x_wconf 84' lang='lat' dir='ltr'><strong>Romanorum</strong></span> 
     </span>
     <span class='ocr_line' id='line_1_11' title="bbox 259 1725 2730 1815; baseline -0.001 -23"><span class='ocrx_word' id='word_1_98' title='bbox 259 1725 708 1800; x_wconf 72' lang='lat' dir='ltr'><strong>inconstantia</strong></span> <span class='ocrx_word' id='word_1_99' title='bbox 768 1729 840 1794; x_wconf 91' lang='lat' dir='ltr'><strong>in</strong></span> <span class='ocrx_word' id='word_1_100' title='bbox 912 1729 1200 1795; x_wconf 82' lang='lat' dir='ltr'><strong>numeris</strong></span> <span class='ocrx_word' id='word_1_101' title='bbox 1271 1729 1707 1813; x_wconf 75' lang='lat' dir='ltr'><strong>significandis</strong></span> <span class='ocrx_word' id='word_1_102' title='bbox 1726 1777 1748 1807; x_wconf 91' lang='lat'><strong>,</strong></span> <span class='ocrx_word' id='word_1_103' title='bbox 1830 1729 1987 1807; x_wconf 70' lang='lat' dir='ltr'><strong>satis</strong></span> <span class='ocrx_word' id='word_1_104' title='bbox 2067 1726 2504 1815; x_wconf 84' lang='lat' dir='ltr'><strong>periculosum</strong></span> <span class='ocrx_word' id='word_1_105' title='bbox 2590 1747 2730 1792; x_wconf 86' lang='lat' dir='ltr'><strong>esse</strong></span> 
     </span>
     <span class='ocr_line' id='line_1_12' title="bbox 260 1845 2730 1940; baseline -0.002 -27"><span class='ocrx_word' id='word_1_106' title='bbox 260 1848 542 1920; x_wconf 77' lang='lat' dir='ltr'><strong>videtur.</strong></span> <span class='ocrx_word' id='word_1_107' title='bbox 633 1850 859 1918; x_wconf 76' lang='lat' dir='ltr'><strong>Quum</strong></span> <span class='ocrx_word' id='word_1_108' title='bbox 905 1849 1065 1940; x_wconf 82' lang='lat' dir='ltr'><strong>haec</strong></span> <span class='ocrx_word' id='word_1_109' title='bbox 1107 1869 1260 1916; x_wconf 86' lang='lat' dir='ltr'><strong>vero</strong></span> <span class='ocrx_word' id='word_1_110' title='bbox 1297 1848 1620 1928; x_wconf 76' lang='lat' dir='ltr'><strong>numeris,</strong></span> <span class='ocrx_word' id='word_1_111' title='bbox 1673 1871 1813 1914; x_wconf 85' lang='lat' dir='ltr'><strong>non</strong></span> <span class='ocrx_word' id='word_1_112' title='bbox 1858 1847 2093 1934; x_wconf 68' lang='lat' dir='ltr'><strong>litteris</strong></span> <span class='ocrx_word' id='word_1_113' title='bbox 2109 1894 2129 1924; x_wconf 93' lang='lat'><strong>,</strong></span> <span class='ocrx_word' id='word_1_114' title='bbox 2180 1846 2611 1926; x_wconf 65' lang='lat' dir='ltr'><strong>scriberentur</strong></span> <span class='ocrx_word' id='word_1_115' title='bbox 2658 1845 2730 1908; x_wconf 89' lang='lat' dir='ltr'><strong>in</strong></span> 
     </span>
     <span class='ocr_line' id='line_1_13' title="bbox 259 1963 2733 2053; baseline -0.002 -19"><span class='ocrx_word' id='word_1_116' title='bbox 259 1969 596 2036; x_wconf 71' lang='lat' dir='ltr'><strong>codicibus</strong></span> <span class='ocrx_word' id='word_1_117' title='bbox 609 2017 631 2046; x_wconf 90' lang='lat'><strong>,</strong></span> <span class='ocrx_word' id='word_1_118' title='bbox 677 1967 986 2034; x_wconf 78' lang='lat' dir='ltr'><strong>facillime</strong></span> <span class='ocrx_word' id='word_1_119' title='bbox 1033 1968 1176 2034; x_wconf 85' lang='lat' dir='ltr'><strong>fieri</strong></span> <span class='ocrx_word' id='word_1_120' title='bbox 1229 1967 1480 2052; x_wconf 78' lang='lat' dir='ltr'><strong>potuit,</strong></span> <span class='ocrx_word' id='word_1_121' title='bbox 1528 1974 1605 2034; x_wconf 82' lang='lat' dir='ltr'><strong>ut</strong></span> <span class='ocrx_word' id='word_1_122' title='bbox 1649 1990 1785 2050; x_wconf 74' lang='lat' dir='ltr'><strong>una</strong></span> <span class='ocrx_word' id='word_1_123' title='bbox 1833 1965 2077 2046; x_wconf 75' lang='lat' dir='ltr'><strong>lineola</strong></span> <span class='ocrx_word' id='word_1_124' title='bbox 2116 1965 2411 2053; x_wconf 84' lang='lat' dir='ltr'><strong>neglecta</strong></span> <span class='ocrx_word' id='word_1_125' title='bbox 2424 2010 2447 2041; x_wconf 91' lang='lat'>‚</span> <span class='ocrx_word' id='word_1_126' title='bbox 2496 1963 2733 2048; x_wconf 85' lang='lat' dir='ltr'><strong>pusilla</strong></span> 
     </span>
     <span class='ocr_line' id='line_1_14' title="bbox 265 2083 2725 2170; baseline -0.004 -14"><span class='ocrx_word' id='word_1_127' title='bbox 265 2089 656 2166; x_wconf 81' lang='lat' dir='ltr'><strong>omissione,</strong></span> <span class='ocrx_word' id='word_1_128' title='bbox 725 2088 878 2154; x_wconf 83' lang='lat' dir='ltr'><strong>illae</strong></span> <span class='ocrx_word' id='word_1_129' title='bbox 941 2086 1270 2154; x_wconf 84' lang='lat' dir='ltr'><strong>lacrimae·</strong></span> <span class='ocrx_word' id='word_1_130' title='bbox 1305 2094 1486 2154; x_wconf 82' lang='lat' dir='ltr'><strong>ortae</strong></span> <span class='ocrx_word' id='word_1_131' title='bbox 1549 2087 1704 2170; x_wconf 76' lang='lat' dir='ltr'><strong>sint.</strong></span> <span class='ocrx_word' id='word_1_132' title='bbox 1796 2087 1898 2154; x_wconf 83' lang='lat' dir='ltr'><strong>Ex</strong></span> <span class='ocrx_word' id='word_1_133' title='bbox 1955 2085 2075 2162; x_wconf 79' lang='lat' dir='ltr'><strong>iis,</strong></span> <span class='ocrx_word' id='word_1_134' title='bbox 2127 2105 2309 2170; x_wconf 80' lang='lat' dir='ltr'><strong>quae</strong></span> <span class='ocrx_word' id='word_1_135' title='bbox 2364 2083 2725 2170; x_wconf 87' lang='lat' dir='ltr'><strong>disputavi,</strong></span> 
     </span>
     <span class='ocr_line' id='line_1_15' title="bbox 265 2202 2728 2294; baseline -0.002 -22"><span class='ocrx_word' id='word_1_136' title='bbox 265 2216 530 2294; x_wconf 82' lang='lat' dir='ltr'><strong>apparet</strong></span> <span class='ocrx_word' id='word_1_137' title='bbox 567 2207 760 2275; x_wconf 87' lang='lat' dir='ltr'><strong>credo</strong></span> <span class='ocrx_word' id='word_1_138' title='bbox 779 2255 801 2286; x_wconf 91' lang='lat'><strong>,</strong></span> <span class='ocrx_word' id='word_1_139' title='bbox 841 2209 1174 2273; x_wconf 84' lang='lat' dir='ltr'><strong>Romanos</strong></span> <span class='ocrx_word' id='word_1_140' title='bbox 1217 2207 1288 2288; x_wconf 80' lang='lat' dir='ltr'><strong>in</strong></span> <span class='ocrx_word' id='word_1_141' title='bbox 1323 2206 1727 2274; x_wconf 71' lang='lat' dir='ltr'><strong>ordinalibus</strong></span> <span class='ocrx_word' id='word_1_142' title='bbox 1772 2211 2121 2293; x_wconf 75' lang='lat' dir='ltr'><strong>utrumque</strong></span> <span class='ocrx_word' id='word_1_143' title='bbox 2135 2252 2157 2283; x_wconf 90' lang='lat'><strong>,</strong></span> <span class='ocrx_word' id='word_1_144' title='bbox 2189 2204 2265 2268; x_wconf 92' lang='lat' dir='ltr'><strong>in</strong></span> <span class='ocrx_word' id='word_1_145' title='bbox 2294 2202 2728 2269; x_wconf 81' lang='lat' dir='ltr'><strong>cardinalibus</strong></span> 
     </span>
     <span class='ocr_line' id='line_1_16' title="bbox 263 2322 2729 2412; baseline -0.002 -20"><span class='ocrx_word' id='word_1_146' title='bbox 263 2328 765 2399; x_wconf 73' lang='lat' dir='ltr'><strong>alterumutrum</strong></span> <span class='ocrx_word' id='word_1_147' title='bbox 811 2328 1166 2401; x_wconf 85' lang='lat' dir='ltr'><strong>terminum</strong></span> <span class='ocrx_word' id='word_1_148' title='bbox 1182 2375 1204 2405; x_wconf 92' lang='lat'><strong>,</strong></span> <span class='ocrx_word' id='word_1_149' title='bbox 1265 2348 1538 2394; x_wconf 83' lang='lat' dir='ltr'><strong>numero</strong></span> <span class='ocrx_word' id='word_1_150' title='bbox 1599 2323 2142 2412; x_wconf 71' lang='lat' dir='ltr'><strong>comprehendere</strong></span> <span class='ocrx_word' id='word_1_151' title='bbox 2210 2322 2437 2391; x_wconf 88' lang='lat' dir='ltr'><strong>solitos</strong></span> <span class='ocrx_word' id='word_1_152' title='bbox 2490 2322 2692 2390; x_wconf 84' lang='lat' dir='ltr'><strong>fuisse</strong></span> <span class='ocrx_word' id='word_1_153' title='bbox 2708 2371 2729 2400; x_wconf 92' lang='lat'><strong>,</strong></span> 
     </span>
     <span class='ocr_line' id='line_1_17' title="bbox 270 2441 2731 2538; baseline -0.002 -28"><span class='ocrx_word' id='word_1_154' title='bbox 270 2446 400 2512; x_wconf 86' lang='lat' dir='ltr'><strong>nisi</strong></span> <span class='ocrx_word' id='word_1_155' title='bbox 433 2445 854 2533; x_wconf 79' lang='lat' dir='ltr'><strong>computandi</strong></span> <span class='ocrx_word' id='word_1_156' title='bbox 889 2467 1102 2514; x_wconf 83' lang='lat' dir='ltr'><strong>errore</strong></span> <span class='ocrx_word' id='word_1_157' title='bbox 1130 2446 1318 2512; x_wconf 84' lang='lat' dir='ltr'><strong>aliter</strong></span> <span class='ocrx_word' id='word_1_158' title='bbox 1350 2445 1598 2514; x_wconf 73' lang='lat' dir='ltr'><strong>factum</strong></span> <span class='ocrx_word' id='word_1_159' title='bbox 1617 2445 1751 2530; x_wconf 75' lang='lat' dir='ltr'><strong>sit,</strong></span> <span class='ocrx_word' id='word_1_160' title='bbox 1796 2444 1901 2510; x_wconf 87' lang='lat' dir='ltr'><strong>vel</strong></span> <span class='ocrx_word' id='word_1_161' title='bbox 1942 2465 2021 2510; x_wconf 88' lang='lat' dir='ltr'><strong>eo</strong></span> <span class='ocrx_word' id='word_1_162' title='bbox 2037 2529 2047 2533; x_wconf 34' lang='grc'>-</span> <span class='ocrx_word' id='word_1_163' title='bbox 2064 2441 2337 2524; x_wconf 81' lang='lat' dir='ltr'><strong>consilio</strong></span> <span class='ocrx_word' id='word_1_164' title='bbox 2353 2491 2374 2521; x_wconf 92' lang='lat'><strong>,</strong></span> <span class='ocrx_word' id='word_1_165' title='bbox 2412 2448 2489 2509; x_wconf 87' lang='lat' dir='ltr'><strong>ut</strong></span> <span class='ocrx_word' id='word_1_166' title='bbox 2504 2491 2525 2521; x_wconf 92' lang='lat'><strong>,</strong></span> <span class='ocrx_word' id='word_1_167' title='bbox 2553 2463 2731 2538; x_wconf 85' lang='lat' dir='ltr'><strong>com-</strong></span> 
     </span>
     <span class='ocr_line' id='line_1_18' title="bbox 273 2560 2725 2652; baseline -0.004 -19"><span class='ocrx_word' id='word_1_168' title='bbox 273 2565 608 2652; x_wconf 82' lang='lat' dir='ltr'><strong>pendiaria</strong></span> <span class='ocrx_word' id='word_1_169' title='bbox 651 2566 937 2644; x_wconf 83' lang='lat' dir='ltr'><strong>ratione,</strong></span> <span class='ocrx_word' id='word_1_170' title='bbox 996 2587 1270 2633; x_wconf 85' lang='lat' dir='ltr'><strong>numero</strong></span> <span class='ocrx_word' id='word_1_171' title='bbox 1319 2567 1423 2632; x_wconf 81' lang='lat' dir='ltr'><strong>usi</strong></span> <span class='ocrx_word' id='word_1_172' title='bbox 1473 2565 1610 2632; x_wconf 81' lang='lat' dir='ltr'><strong>sint</strong></span> <span class='ocrx_word' id='word_1_173' title='bbox 1623 2613 1645 2647; x_wconf 92' lang='lat'><strong>,</strong></span> <span class='ocrx_word' id='word_1_174' title='bbox 1696 2571 1773 2632; x_wconf 88' lang='lat' dir='ltr'><strong>ut</strong></span> <span class='ocrx_word' id='word_1_175' title='bbox 1807 2586 1927 2631; x_wconf 76' lang='lat' dir='ltr'><strong>nos</strong></span> <span class='ocrx_word' id='word_1_176' title='bbox 1977 2563 2345 2646; x_wconf 89' lang='lat' dir='ltr'><strong>loquimur,</strong></span> <span class='ocrx_word' id='word_1_177' title='bbox 2404 2560 2689 2628; x_wconf 86' lang='lat' dir='ltr'><strong>rotundo</strong></span> <span class='ocrx_word' id='word_1_178' title='bbox 2705 2607 2725 2636; x_wconf 91' lang='lat'><strong>,</strong></span> 
     </span>
     <span class='ocr_line' id='line_1_19' title="bbox 273 2680 2724 2773; baseline -0.004 -19"><span class='ocrx_word' id='word_1_179' title='bbox 273 2685 452 2773; x_wconf 88' lang='lat' dir='ltr'><strong>quod</strong></span> <span class='ocrx_word' id='word_1_180' title='bbox 479 2699 536 2754; x_wconf 88' lang='lat' dir='ltr'><strong>v.</strong></span> <span class='ocrx_word' id='word_1_181' title='bbox 567 2708 622 2753; x_wconf 88' lang='lat' dir='ltr'><strong>c.</strong></span> <span class='ocrx_word' id='word_1_182' title='bbox 660 2687 888 2755; x_wconf 82' lang='lat' dir='ltr'><strong>Cicero</strong></span> <span class='ocrx_word' id='word_1_183' title='bbox 923 2686 1080 2753; x_wconf 86' lang='lat' dir='ltr'><strong>fecit</strong></span> <span class='ocrx_word' id='word_1_184' title='bbox 1102 2687 1175 2753; x_wconf 88' lang='lat' dir='ltr'><strong>in</strong></span> <span class='ocrx_word' id='word_1_185' title='bbox 1192 2685 1558 2773; x_wconf 81' lang='lat' dir='ltr'><strong>Philippica</strong></span> <span class='ocrx_word' id='word_1_186' title='bbox 1571 2683 1865 2755; x_wconf 82' lang='lat' dir='ltr'><strong>secunda</strong></span> <span class='ocrx_word' id='word_1_187' title='bbox 1898 2681 2021 2772; x_wconf 78' lang='lat'>¹⁰⁹)</span> <span class='ocrx_word' id='word_1_188' title='bbox 2042 2731 2063 2761; x_wconf 92' lang='lat'><strong>,</strong></span> <span class='ocrx_word' id='word_1_189' title='bbox 2094 2703 2261 2768; x_wconf 86' lang='lat' dir='ltr'><strong>quae</strong></span> <span class='ocrx_word' id='word_1_190' title='bbox 2286 2681 2511 2747; x_wconf 85' lang='lat' dir='ltr'><strong>habita</strong></span> <span class='ocrx_word' id='word_1_191' title='bbox 2535 2680 2724 2765; x_wconf 88' lang='lat' dir='ltr'><strong>fingi-</strong></span> 
     </span>
     <span class='ocr_line' id='line_1_20' title="bbox 267 2802 2726 2889; baseline -0.003 -16"><span class='ocrx_word' id='word_1_192' title='bbox 267 2815 380 2873; x_wconf 75' lang='lat' dir='ltr'><strong>tur</strong></span> <span class='ocrx_word' id='word_1_193' title='bbox 420 2830 478 2876; x_wconf 81' lang='lat' dir='ltr'><strong>a.</strong></span> <span class='ocrx_word' id='word_1_194' title='bbox 510 2808 574 2873; x_wconf 89' lang='lat' dir='ltr'><strong>d.</strong></span> <span class='ocrx_word' id='word_1_195' title='bbox 601 2807 786 2876; x_wconf 86' lang='lat' dir='ltr'>XIII</span> <span class='ocrx_word' id='word_1_196' title='bbox 813 2806 964 2873; x_wconf 87' lang='lat' dir='ltr'><strong>Kal.</strong></span> <span class='ocrx_word' id='word_1_197' title='bbox 1015 2806 1159 2874; x_wconf 85' lang='lat' dir='ltr'><strong>Oct.</strong></span> <span class='ocrx_word' id='word_1_198' title='bbox 1200 2828 1257 2871; x_wconf 87' lang='lat' dir='ltr'><strong>a.</strong></span> <span class='ocrx_word' id='word_1_199' title='bbox 1304 2828 1370 2870; x_wconf 93' lang='grc' dir='ltr'><strong>ιι.</strong></span> <span class='ocrx_word' id='word_1_200' title='bbox 1415 2827 1470 2871; x_wconf 88' lang='lat' dir='ltr'><strong>c.</strong></span> <span class='ocrx_word' id='word_1_201' title='bbox 1505 2806 1667 2869; x_wconf 82' lang='lat'>710:</span> <span class='ocrx_word' id='word_1_202' title='bbox 1715 2831 1750 2865; x_wconf 75' lang='lat' dir='ltr'><strong>n</strong></span> <span class='ocrx_word' id='word_1_203' title='bbox 1770 2810 1847 2871; x_wconf 87' lang='lat' dir='ltr'><strong>ut</strong></span> <span class='ocrx_word' id='word_1_204' title='bbox 1894 2824 2087 2870; x_wconf 88' lang='lat' dir='ltr'><strong>nemo</strong></span> <span class='ocrx_word' id='word_1_205' title='bbox 2126 2803 2242 2879; x_wconf 76' lang='lat' dir='ltr'><strong>his</strong></span> <span class='ocrx_word' id='word_1_206' title='bbox 2268 2802 2502 2889; x_wconf 76' lang='lat' dir='ltr'><strong>viginti</strong></span> <span class='ocrx_word' id='word_1_207' title='bbox 2539 2802 2726 2867; x_wconf 83' lang='lat' dir='ltr'><strong>annis</strong></span> 
     </span>
     <span class='ocr_line' id='line_1_21' title="bbox 267 2922 2723 3013; baseline -0.004 -21"><span class='ocrx_word' id='word_1_208' title='bbox 267 2928 426 3013; x_wconf 87' lang='lat' dir='ltr'><strong>reip.</strong></span> <span class='ocrx_word' id='word_1_209' title='bbox 489 2926 690 2993; x_wconf 85' lang='lat' dir='ltr'><strong>fuerit</strong></span> <span class='ocrx_word' id='word_1_210' title='bbox 735 2924 988 2991; x_wconf 80' lang='lat' dir='ltr'><strong>hostis”</strong></span> <span class='ocrx_word' id='word_1_211' title='bbox 1035 2930 1188 2990; x_wconf 84' lang='lat' dir='ltr'><strong>cett.</strong></span> <span class='ocrx_word' id='word_1_212' title='bbox 1238 2944 1407 3009; x_wconf 83' lang='lat' dir='ltr'><strong>quae</strong></span> <span class='ocrx_word' id='word_1_213' title='bbox 1451 2924 1592 2998; x_wconf 87' lang='lat' dir='ltr'><strong>sine</strong></span> <span class='ocrx_word' id='word_1_214' title='bbox 1640 2922 1841 2988; x_wconf 90' lang='lat' dir='ltr'><strong>dubio</strong></span> <span class='ocrx_word' id='word_1_215' title='bbox 1886 2927 2181 3007; x_wconf 86' lang='lat' dir='ltr'><strong>spectant</strong></span> <span class='ocrx_word' id='word_1_216' title='bbox 2229 2944 2288 3011; x_wconf 82' lang='lat' dir='ltr'><strong>a.</strong></span> <span class='ocrx_word' id='word_1_217' title='bbox 2351 2945 2419 2987; x_wconf 89' lang='grc' dir='ltr'><strong>ιι.</strong></span> <span class='ocrx_word' id='word_1_218' title='bbox 2464 2943 2523 2987; x_wconf 90' lang='lat' dir='ltr'><strong>c.</strong></span> <span class='ocrx_word' id='word_1_219' title='bbox 2568 2923 2723 2994; x_wconf 73' lang='lat'><strong>691.</strong></span> 
     </span>
    </p>

    <p class='ocr_par' dir='ltr' id='par_1_3' title="bbox 265 3038 2725 3849">
     <span class='ocr_line' id='line_1_22' title="bbox 382 3038 2724 3127; baseline -0.004 -16"><span class='ocrx_word' id='word_1_220' title='bbox 382 3046 511 3114; x_wconf 86' lang='lat' dir='ltr'><strong>Sed</strong></span> <span class='ocrx_word' id='word_1_221' title='bbox 590 3046 786 3113; x_wconf 84' lang='lat' dir='ltr'><strong>redeo</strong></span> <span class='ocrx_word' id='word_1_222' title='bbox 865 3044 949 3109; x_wconf 90' lang='lat' dir='ltr'><strong>ad</strong></span> <span class='ocrx_word' id='word_1_223' title='bbox 1021 3042 1383 3109; x_wconf 81' lang='lat' dir='ltr'><strong>Asconium</strong></span> <span class='ocrx_word' id='word_1_224' title='bbox 1399 3091 1436 3125; x_wconf 72' lang='lat'><strong>,‚</strong></span> <span class='ocrx_word' id='word_1_225' title='bbox 1505 3063 1699 3127; x_wconf 87' lang='lat' dir='ltr'><strong>quem</strong></span> <span class='ocrx_word' id='word_1_226' title='bbox 1790 3040 1924 3105; x_wconf 86' lang='lat' dir='ltr'><strong>dixi</strong></span> <span class='ocrx_word' id='word_1_227' title='bbox 2005 3041 2079 3103; x_wconf 91' lang='lat' dir='ltr'><strong>in</strong></span> <span class='ocrx_word' id='word_1_228' title='bbox 2156 3038 2724 3114; x_wconf 80' lang='lat' dir='ltr'><strong>commemorando</strong></span> 
     </span>
     <span class='ocr_line' id='line_1_23' title="bbox 265 3156 2725 3251; baseline -0.004 -20"><span class='ocrx_word' id='word_1_229' title='bbox 265 3166 380 3233; x_wconf 90' lang='lat' dir='ltr'><strong>illo</strong></span> <span class='ocrx_word' id='word_1_230' title='bbox 455 3168 608 3231; x_wconf 85' lang='lat' dir='ltr'><strong>Scto</strong></span> <span class='ocrx_word' id='word_1_231' title='bbox 617 3212 640 3243; x_wconf 85' lang='lat'><strong>,</strong></span> <span class='ocrx_word' id='word_1_232' title='bbox 711 3187 971 3251; x_wconf 80' lang='lat' dir='ltr'><strong>passum</strong></span> <span class='ocrx_word' id='word_1_233' title='bbox 1037 3185 1179 3229; x_wconf 84' lang='lat' dir='ltr'><strong>esse</strong></span> <span class='ocrx_word' id='word_1_234' title='bbox 1243 3170 1320 3229; x_wconf 91' lang='lat' dir='ltr'><strong>ut</strong></span> <span class='ocrx_word' id='word_1_235' title='bbox 1365 3163 1491 3229; x_wconf 88' lang='lat' dir='ltr'><strong>sibi</strong></span> <span class='ocrx_word' id='word_1_236' title='bbox 1543 3163 2007 3249; x_wconf 69' lang='lat' dir='ltr'><strong>imponeretur.</strong></span> <span class='ocrx_word' id='word_1_237' title='bbox 2098 3162 2336 3247; x_wconf 87' lang='lat' dir='ltr'><strong>Neque</strong></span> <span class='ocrx_word' id='word_1_238' title='bbox 2388 3159 2515 3225; x_wconf 85' lang='lat' dir='ltr'><strong>hoc</strong></span> <span class='ocrx_word' id='word_1_239' title='bbox 2574 3156 2725 3225; x_wconf 79' lang='lat' dir='ltr'><strong>uni-</strong></span> 
     </span>
     <span class='ocr_line' id='line_1_24' title="bbox 267 3278 2720 3372; baseline -0.003 -21"><span class='ocrx_word' id='word_1_240' title='bbox 267 3308 415 3351; x_wconf 88' lang='lat' dir='ltr'><strong>cum</strong></span> <span class='ocrx_word' id='word_1_241' title='bbox 489 3285 854 3371; x_wconf 82' lang='lat' dir='ltr'><strong>exemplum</strong></span> <span class='ocrx_word' id='word_1_242' title='bbox 922 3290 1022 3351; x_wconf 83' lang='lat' dir='ltr'><strong>est</strong></span> <span class='ocrx_word' id='word_1_243' title='bbox 1036 3332 1058 3362; x_wconf 92' lang='lat'><strong>,</strong></span> <span class='ocrx_word' id='word_1_244' title='bbox 1114 3283 1291 3368; x_wconf 90' lang='lat' dir='ltr'><strong>quod</strong></span> <span class='ocrx_word' id='word_1_245' title='bbox 1340 3284 1628 3372; x_wconf 65' lang='lat' dir='ltr'><strong>&gt;proferre</strong></span> <span class='ocrx_word' id='word_1_246' title='bbox 1682 3283 1927 3369; x_wconf 86' lang='lat' dir='ltr'><strong>possim</strong></span> <span class='ocrx_word' id='word_1_247' title='bbox 1972 3281 2045 3352; x_wconf 81' lang='lat' dir='ltr'><strong>in</strong></span> <span class='ocrx_word' id='word_1_248' title='bbox 2090 3282 2447 3350; x_wconf 83' lang='lat' dir='ltr'><strong>hominem.</strong></span> <span class='ocrx_word' id='word_1_249' title='bbox 2481 3278 2720 3345; x_wconf 83' lang='lat' dir='ltr'><strong>doctis-</strong></span> 
     </span>
     <span class='ocr_line' id='line_1_25' title="bbox 265 3397 2719 3489; baseline -0.004 -16"><span class='ocrx_word' id='word_1_250' title='bbox 265 3409 542 3487; x_wconf 86' lang='lat' dir='ltr'><strong>simum,</strong></span> <span class='ocrx_word' id='word_1_251' title='bbox 617 3406 772 3473; x_wconf 87' lang='lat' dir='ltr'><strong>licet</strong></span> <span class='ocrx_word' id='word_1_252' title='bbox 821 3404 1092 3489; x_wconf 78' lang='lat' dir='ltr'><strong>Madvig</strong></span> <span class='ocrx_word' id='word_1_253' title='bbox 1161 3425 1310 3471; x_wconf 86' lang='lat' dir='ltr'><strong>eum</strong></span> <span class='ocrx_word' id='word_1_254' title='bbox 1369 3405 1548 3474; x_wconf 85' lang='lat' dir='ltr'><strong>omni</strong></span> <span class='ocrx_word' id='word_1_255' title='bbox 1603 3404 1795 3489; x_wconf 85' lang='lat' dir='ltr'><strong>culpa</strong></span> <span class='ocrx_word' id='word_1_256' title='bbox 1850 3402 2122 3469; x_wconf 83' lang='lat' dir='ltr'><strong>liberare</strong></span> <span class='ocrx_word' id='word_1_257' title='bbox 2175 3399 2454 3467; x_wconf 89' lang='lat' dir='ltr'><strong>voluisse</strong></span> <span class='ocrx_word' id='word_1_258' title='bbox 2501 3397 2719 3463; x_wconf 89' lang='lat' dir='ltr'><strong>videa-</strong></span> 
     </span>
     <span class='ocr_line' id='line_1_26' title="bbox 265 3506 2716 3615; baseline -0.006 -19"><span class='ocrx_word' id='word_1_259' title='bbox 265 3534 370 3596; x_wconf 76' lang='lat' dir='ltr'><strong>tur</strong></span> <span class='ocrx_word' id='word_1_260' title='bbox 427 3532 552 3615; x_wconf 69' lang='lat'>29⁰)</span> <span class='ocrx_word' id='word_1_261' title='bbox 573 3576 594 3605; x_wconf 92' lang='lat'><strong>,</strong></span> <span class='ocrx_word' id='word_1_262' title='bbox 659 3548 854 3613; x_wconf 88' lang='lat' dir='ltr'><strong>quem</strong></span> <span class='ocrx_word' id='word_1_263' title='bbox 922 3526 1194 3597; x_wconf 82' lang='lat' dir='ltr'><strong>minime</strong></span> <span class='ocrx_word' id='word_1_264' title='bbox 1269 3506 1604 3611; x_wconf 84' lang='lat' dir='ltr'><strong>probabile</strong></span> <span class='ocrx_word' id='word_1_265' title='bbox 1685 3524 1773 3589; x_wconf 85' lang='lat' dir='ltr'><strong>sit</strong></span> <span class='ocrx_word' id='word_1_266' title='bbox 1842 3523 1915 3587; x_wconf 89' lang='lat' dir='ltr'><strong>in</strong></span> <span class='ocrx_word' id='word_1_267' title='bbox 1987 3522 2297 3588; x_wconf 86' lang='lat' dir='ltr'><strong>Cicerone</strong></span> <span class='ocrx_word' id='word_1_268' title='bbox 2374 3519 2716 3603; x_wconf 87' lang='lat' dir='ltr'><strong>deceptum</strong></span> 
     </span>
     <span class='ocr_line' id='line_1_27' title="bbox 267 3636 2714 3739; baseline -0.006 -24"><span class='ocrx_word' id='word_1_269' title='bbox 267 3672 404 3722; x_wconf 71' lang='lat' dir='ltr'><strong>esse</strong></span> <span class='ocrx_word' id='word_1_270' title='bbox 454 3650 605 3739; x_wconf 73' lang='grc'><strong>201).</strong></span> <span class='ocrx_word' id='word_1_271' title='bbox 699 3650 798 3713; x_wconf 87' lang='lat' dir='ltr'><strong>Ut</strong></span> <span class='ocrx_word' id='word_1_272' title='bbox 845 3647 1104 3715; x_wconf 82' lang='lat' dir='ltr'><strong>mittam</strong></span> <span class='ocrx_word' id='word_1_273' title='bbox 1149 3652 1371 3711; x_wconf 86' lang='lat' dir='ltr'><strong>tamen</strong></span> <span class='ocrx_word' id='word_1_274' title='bbox 1415 3644 1582 3722; x_wconf 83' lang='lat' dir='ltr'><strong>alia,</strong></span> <span class='ocrx_word' id='word_1_275' title='bbox 1626 3643 1709 3708; x_wconf 90' lang='lat' dir='ltr'><strong>de</strong></span> <span class='ocrx_word' id='word_1_276' title='bbox 1743 3642 1977 3728; x_wconf 82' lang='lat' dir='ltr'><strong>quibus</strong></span> <span class='ocrx_word' id='word_1_277' title='bbox 2013 3640 2283 3737; x_wconf 82' lang='lat' dir='ltr'><strong>Madvig</strong></span> <span class='ocrx_word' id='word_1_278' title='bbox 2330 3636 2714 3723; x_wconf 82' lang='lat' dir='ltr'><strong>disputavit,</strong></span> 
     </span>
     <span class='ocr_line' id='line_1_28' title="bbox 265 3758 2711 3849; baseline -0.007 -12"><span class='ocrx_word' id='word_1_279' title='bbox 265 3769 584 3837; x_wconf 84' lang='lat' dir='ltr'><strong>Asconius</strong></span> <span class='ocrx_word' id='word_1_280' title='bbox 629 3768 989 3835; x_wconf 87' lang='lat' dir='ltr'><strong>orationem</strong></span> <span class='ocrx_word' id='word_1_281' title='bbox 1032 3766 1113 3833; x_wconf 89' lang='lat' dir='ltr'><strong>de</strong></span> <span class='ocrx_word' id='word_1_282' title='bbox 1159 3765 1570 3849; x_wconf 86' lang='lat' dir='ltr'><strong>haruspicum</strong></span> <span class='ocrx_word' id='word_1_283' title='bbox 1624 3781 1933 3847; x_wconf 87' lang='lat' dir='ltr'><strong>responso</strong></span> <span class='ocrx_word' id='word_1_284' title='bbox 1964 3758 2087 3848; x_wconf 81' lang='grc'><strong>202)</strong></span> <span class='ocrx_word' id='word_1_285' title='bbox 2138 3758 2363 3823; x_wconf 84' lang='lat' dir='ltr'><strong>laudat</strong></span> <span class='ocrx_word' id='word_1_286' title='bbox 2398 3763 2711 3843; x_wconf 87' lang='lat' dir='ltr'><strong>tanquam</strong></span> 
     </span>
    </p>
   </div>
   <div class='ocr_carea' id='block_1_3' title="bbox 320 4000 1327 4236">
    <p class='ocr_par' dir='ltr' id='par_1_4' title="bbox 320 4000 1327 4236">
     <span class='ocr_line' id='line_1_29' title="bbox 321 4000 1132 4069; baseline -0.006 -15"><span class='ocrx_word' id='word_1_287' title='bbox 321 4000 404 4069; x_wconf 64' lang='grc' dir='ltr'><strong>19Β)</strong></span> <span class='ocrx_word' id='word_1_288' title='bbox 439 4004 553 4054; x_wconf 84' lang='lat' dir='ltr'><strong>Liv.</strong></span> <span class='ocrx_word' id='word_1_289' title='bbox 588 4002 879 4052; x_wconf 74' lang='lat' dir='ltr'><strong>XXXVIII.</strong></span> <span class='ocrx_word' id='word_1_290' title='bbox 917 4006 1013 4061; x_wconf 82' lang='lat'><strong>29,</strong></span> <span class='ocrx_word' id='word_1_291' title='bbox 1049 4006 1132 4050; x_wconf 82' lang='lat'><strong>30.</strong></span> 
     </span>
     <span class='ocr_line' id='line_1_30' title="bbox 321 4084 1056 4151; baseline -0.004 -13"><span class='ocrx_word' id='word_1_292' title='bbox 321 4084 404 4151; x_wconf 70' lang='grc'><strong>199)</strong></span> <span class='ocrx_word' id='word_1_293' title='bbox 439 4086 544 4138; x_wconf 76' lang='lat' dir='ltr'><strong>cie.</strong></span> <span class='ocrx_word' id='word_1_294' title='bbox 579 4088 716 4137; x_wconf 84' lang='lat' dir='ltr'><strong>Phil.</strong></span> <span class='ocrx_word' id='word_1_295' title='bbox 750 4088 824 4139; x_wconf 92' lang='lat'><strong>11.</strong></span> <span class='ocrx_word' id='word_1_296' title='bbox 867 4091 910 4136; x_wconf 91' lang='lat'><strong>1.</strong></span> <span class='ocrx_word' id='word_1_297' title='bbox 945 4087 971 4151; x_wconf 57' lang='grc' dir='ltr'><strong>ς</strong></span> <span class='ocrx_word' id='word_1_298' title='bbox 1011 4091 1056 4135; x_wconf 91' lang='lat'><strong>1.</strong></span> 
     </span>
     <span class='ocr_line' id='line_1_31' title="bbox 320 4166 1327 4236; baseline -0.003 -14"><span class='ocrx_word' id='word_1_299' title='bbox 320 4166 406 4233; x_wconf 72' lang='lat'>²⁰⁰)</span> <span class='ocrx_word' id='word_1_300' title='bbox 439 4172 674 4236; x_wconf 83' lang='lat' dir='ltr'><strong>Madvig,</strong></span> <span class='ocrx_word' id='word_1_301' title='bbox 710 4172 772 4222; x_wconf 83' lang='lat' dir='ltr'><strong>de</strong></span> <span class='ocrx_word' id='word_1_302' title='bbox 807 4172 996 4222; x_wconf 84' lang='lat' dir='ltr'><strong>Ascon.</strong></span> <span class='ocrx_word' id='word_1_303' title='bbox 1031 4187 1080 4235; x_wconf 90' lang='lat' dir='ltr'><strong>p.</strong></span> <span class='ocrx_word' id='word_1_304' title='bbox 1119 4174 1186 4220; x_wconf 86' lang='grc'><strong>68</strong></span> <span class='ocrx_word' id='word_1_305' title='bbox 1221 4184 1327 4234; x_wconf 85' lang='lat' dir='ltr'><strong>sqq.</strong></span> 
     </span>
    </p>
   </div>
   <div class='ocr_carea' id='block_1_4' title="bbox 321 4249 2723 4406">
    <p class='ocr_par' dir='ltr' id='par_1_5' title="bbox 321 4249 2723 4406">
     <span class='ocr_line' id='line_1_32' title="bbox 321 4249 774 4306; baseline -0.007 1"><span class='ocrx_word' id='word_1_306' title='bbox 321 4249 380 4288; x_wconf 80' lang='lat'><strong>2⁰¹</strong></span> <span class='ocrx_word' id='word_1_307' title='bbox 465 4257 519 4306; x_wconf 88' lang='lat' dir='ltr'><strong>bi</strong></span> <span class='ocrx_word' id='word_1_308' title='bbox 554 4292 568 4306; x_wconf 94' lang='lat'><strong>.</strong></span> <span class='ocrx_word' id='word_1_309' title='bbox 639 4293 652 4305; x_wconf 91' lang='lat'><strong>.</strong></span> <span class='ocrx_word' id='word_1_310' title='bbox 693 4258 774 4305; x_wconf 82' lang='lat'><strong>76.</strong></span> 
     </span>
     <span class='ocr_line' id='line_1_33' title="bbox 321 4254 2723 4406; baseline -0.007 -14"><span class='ocrx_word' id='word_1_311' title='bbox 321 4254 404 4406; x_wconf 54' lang='lat'><strong>²⁰²3</strong></span> <span class='ocrx_word' id='word_1_312' title='bbox 437 4258 592 4403; x_wconf 48' lang='lat' dir='ltr'><strong>{zaid</strong></span> <span class='ocrx_word' id='word_1_313' title='bbox 603 4272 846 4393; x_wconf 83' lang='lat' dir='ltr'><strong>pdefendit</strong></span> <span class='ocrx_word' id='word_1_314' title='bbox 876 4339 1112 4402; x_wconf 80' lang='lat' dir='ltr'><strong>Madvig,</strong></span> <span class='ocrx_word' id='word_1_315' title='bbox 1146 4336 1528 4401; x_wconf 78' lang='lat' dir='ltr'><strong>discrepantiam</strong></span> <span class='ocrx_word' id='word_1_316' title='bbox 1555 4335 1936 4401; x_wconf 78' lang='lat' dir='ltr'><strong>inscriptionum</strong></span> <span class='ocrx_word' id='word_1_317' title='bbox 1968 4335 2032 4385; x_wconf 89' lang='lat' dir='ltr'><strong>de</strong></span> <span class='ocrx_word' id='word_1_318' title='bbox 2065 4334 2383 4401; x_wconf 82' lang='lat' dir='ltr'><strong>haruspicum</strong></span> <span class='ocrx_word' id='word_1_319' title='bbox 2416 4340 2641 4393; x_wconf 80' lang='lat' dir='ltr'><strong>responso</strong></span> <span class='ocrx_word' id='word_1_320' title='bbox 2672 4332 2723 4375; x_wconf 90' lang='lat' dir='ltr'><strong>et</strong></span> 
     </span>
    </p>
   </div>
   <div class='ocr_carea' id='block_1_5' title="bbox 254 4410 2723 4748">
    <p class='ocr_par' dir='ltr' id='par_1_6' title="bbox 254 4410 2723 4748">
     <span class='ocr_line' id='line_1_34' title="bbox 255 4410 2723 4489; baseline -0.006 -15"><span class='ocrx_word' id='word_1_321' title='bbox 255 4424 514 4489; x_wconf 70' lang='lat' dir='ltr'><strong>responsis,</strong></span> <span class='ocrx_word' id='word_1_322' title='bbox 549 4443 653 4478; x_wconf 87' lang='lat' dir='ltr'><strong>non</strong></span> <span class='ocrx_word' id='word_1_323' title='bbox 697 4426 1052 4489; x_wconf 80' lang='lat' dir='ltr'><strong>negligendam</strong></span> <span class='ocrx_word' id='word_1_324' title='bbox 1096 4422 1284 4471; x_wconf 83' lang='lat' dir='ltr'><strong>videri:</strong></span> <span class='ocrx_word' id='word_1_325' title='bbox 1318 4420 1706 4471; x_wconf 84' lang='lat' dir='ltr'><strong>declamatorem</strong></span> <span class='ocrx_word' id='word_1_326' title='bbox 1740 4434 1808 4469; x_wconf 84' lang='lat' dir='ltr'><strong>ex</strong></span> <span class='ocrx_word' id='word_1_327' title='bbox 1840 4432 2106 4484; x_wconf 84' lang='lat' dir='ltr'><strong>responso,</strong></span> <span class='ocrx_word' id='word_1_328' title='bbox 2152 4426 2389 4486; x_wconf 77' lang='lat' dir='ltr'><strong>responsa</strong></span> <span class='ocrx_word' id='word_1_329' title='bbox 2422 4410 2623 4469; x_wconf 83' lang='lat' dir='ltr'><strong>fecisse,</strong></span> <span class='ocrx_word' id='word_1_330' title='bbox 2666 4418 2723 4458; x_wconf 84' lang='lat' dir='ltr'><strong>ut</strong></span> 
     </span>
     <span class='ocr_line' id='line_1_35' title="bbox 254 4488 2721 4577; baseline -0.007 -18"><span class='ocrx_word' id='word_1_331' title='bbox 254 4509 396 4571; x_wconf 83' lang='lat' dir='ltr'><strong>plura</strong></span> <span class='ocrx_word' id='word_1_332' title='bbox 427 4513 591 4566; x_wconf 84' lang='lat' dir='ltr'><strong>dicere</strong></span> <span class='ocrx_word' id='word_1_333' title='bbox 625 4519 814 4577; x_wconf 84' lang='lat' dir='ltr'><strong>posset,</strong></span> <span class='ocrx_word' id='word_1_334' title='bbox 850 4524 954 4564; x_wconf 84' lang='lat' dir='ltr'><strong>non</strong></span> <span class='ocrx_word' id='word_1_335' title='bbox 987 4507 1258 4561; x_wconf 85' lang='lat' dir='ltr'><strong>verisimile</strong></span> <span class='ocrx_word' id='word_1_336' title='bbox 1291 4506 1502 4562; x_wconf 84' lang='lat' dir='ltr'><strong>videtur.</strong></span> <span class='ocrx_word' id='word_1_337' title='bbox 1572 4503 1700 4565; x_wconf 81' lang='lat' dir='ltr'><strong>Quis</strong></span> <span class='ocrx_word' id='word_1_338' title='bbox 1734 4504 1871 4553; x_wconf 90' lang='lat' dir='ltr'><strong>enim</strong></span> <span class='ocrx_word' id='word_1_339' title='bbox 1905 4503 1959 4551; x_wconf 86' lang='lat' dir='ltr'><strong>in</strong></span> <span class='ocrx_word' id='word_1_340' title='bbox 1996 4501 2222 4554; x_wconf 80' lang='lat' dir='ltr'><strong>animum</strong></span> <span class='ocrx_word' id='word_1_341' title='bbox 2244 4488 2539 4563; x_wconf 80' lang='lat' dir='ltr'><strong>induceret,</strong></span> <span class='ocrx_word' id='word_1_342' title='bbox 2574 4498 2631 4542; x_wconf 87' lang='lat' dir='ltr'><strong>ut</strong></span> <span class='ocrx_word' id='word_1_343' title='bbox 2667 4492 2721 4542; x_wconf 90' lang='lat' dir='ltr'><strong>in</strong></span> 
     </span>
     <span class='ocr_line' id='line_1_36' title="bbox 255 4578 2718 4662; baseline -0.009 -14"><span class='ocrx_word' id='word_1_344' title='bbox 255 4606 309 4641; x_wconf 72' lang='lat' dir='ltr'><strong>re</strong></span> <span class='ocrx_word' id='word_1_345' title='bbox 336 4598 474 4657; x_wconf 78' lang='lat' dir='ltr'><strong>parvi</strong></span> <span class='ocrx_word' id='word_1_346' title='bbox 497 4600 760 4660; x_wconf 88' lang='lat' dir='ltr'><strong>momenti,</strong></span> <span class='ocrx_word' id='word_1_347' title='bbox 795 4612 950 4662; x_wconf 86' lang='lat' dir='ltr'><strong>quum</strong></span> <span class='ocrx_word' id='word_1_348' title='bbox 980 4594 1200 4659; x_wconf 83' lang='lat' dir='ltr'><strong>genuina</strong></span> <span class='ocrx_word' id='word_1_349' title='bbox 1230 4593 1390 4643; x_wconf 84' lang='lat' dir='ltr'><strong>oratio</strong></span> <span class='ocrx_word' id='word_1_350' title='bbox 1419 4596 1660 4648; x_wconf 82' lang='lat' dir='ltr'><strong>exstaret,</strong></span> <span class='ocrx_word' id='word_1_351' title='bbox 1690 4587 1868 4637; x_wconf 82' lang='lat' dir='ltr'><strong>falsam</strong></span> <span class='ocrx_word' id='word_1_352' title='bbox 1895 4592 2220 4650; x_wconf 86' lang='lat' dir='ltr'><strong>supponeret,</strong></span> <span class='ocrx_word' id='word_1_353' title='bbox 2248 4582 2333 4635; x_wconf 85' lang='lat' dir='ltr'><strong>vel</strong></span> <span class='ocrx_word' id='word_1_354' title='bbox 2366 4580 2527 4645; x_wconf 80' lang='lat' dir='ltr'><strong>potius</strong></span> <span class='ocrx_word' id='word_1_355' title='bbox 2556 4578 2718 4629; x_wconf 86' lang='lat' dir='ltr'><strong>editae</strong></span> 
     </span>
     <span class='ocr_line' id='line_1_37' title="bbox 254 4662 2719 4748; baseline -0.006 -22"><span class='ocrx_word' id='word_1_356' title='bbox 254 4677 479 4742; x_wconf 84' lang='lat' dir='ltr'><strong>adderet,</strong></span> <span class='ocrx_word' id='word_1_357' title='bbox 525 4683 589 4732; x_wconf 86' lang='lat' dir='ltr'><strong>ad</strong></span> <span class='ocrx_word' id='word_1_358' title='bbox 621 4698 776 4748; x_wconf 79' lang='lat' dir='ltr'><strong>quam</strong></span> <span class='ocrx_word' id='word_1_359' title='bbox 808 4680 1122 4731; x_wconf 85' lang='lat' dir='ltr'><strong>conflandam</strong></span> <span class='ocrx_word' id='word_1_360' title='bbox 1155 4678 1333 4742; x_wconf 81' lang='lat' dir='ltr'><strong>pannis</strong></span> <span class='ocrx_word' id='word_1_361' title='bbox 1369 4684 1418 4727; x_wconf 87' lang='lat' dir='ltr'><strong>et</strong></span> <span class='ocrx_word' id='word_1_362' title='bbox 1452 4674 1746 4729; x_wconf 85' lang='lat' dir='ltr'><strong>centonibus</strong></span> <span class='ocrx_word' id='word_1_363' title='bbox 1784 4672 2032 4737; x_wconf 85' lang='lat' dir='ltr'><strong>genuinae</strong></span> <span class='ocrx_word' id='word_1_364' title='bbox 2070 4668 2333 4728; x_wconf 78' lang='lat' dir='ltr'><strong>orat-ioniS,</strong></span> <span class='ocrx_word' id='word_1_365' title='bbox 2380 4676 2507 4731; x_wconf 85' lang='lat' dir='ltr'><strong>quae</strong></span> <span class='ocrx_word' id='word_1_366' title='bbox 2543 4663 2597 4714; x_wconf 87' lang='lat' dir='ltr'><strong>in</strong></span> <span class='ocrx_word' id='word_1_367' title='bbox 2632 4662 2719 4711; x_wconf 89' lang='lat' dir='ltr'><strong>ho-</strong></span> 
     </span>
    </p>
   </div>
   <div class='ocr_carea' id='block_1_6' title="bbox 255 4761 1187 4829">
    <p class='ocr_par' dir='ltr' id='par_1_7' title="bbox 255 4761 1187 4829">
     <span class='ocr_line' id='line_1_38' title="bbox 255 4761 1187 4829; baseline 0.002 -19"><span class='ocrx_word' id='word_1_368' title='bbox 255 4761 444 4815; x_wconf 88' lang='lat' dir='ltr'><strong>minum</strong></span> <span class='ocrx_word' id='word_1_369' title='bbox 479 4767 708 4819; x_wconf 79' lang='lat' dir='ltr'><strong>manibus</strong></span> <span class='ocrx_word' id='word_1_370' title='bbox 743 4773 898 4829; x_wconf 81' lang='lat' dir='ltr'><strong>esset,</strong></span> <span class='ocrx_word' id='word_1_371' title='bbox 932 4764 1187 4817; x_wconf 77' lang='lat' dir='ltr'><strong>uteretur?</strong></span> 
     </span>
    </p>
   </div>
  </div>
 </body>
</html>
