3375 5500
1854 446 1937 507 16

769 657 910 734 ΙΙΙ.
983 655 1263 730 Etenim
1303 653 1476 754 quid
1521 659 1661 742 est,
1713 651 2012 727 Catilina
2031 709 2050 738 ,
2103 651 2292 750 quod
2330 650 2470 725 iam
2507 652 2804 752 amplius
2842 682 3119 759 exspec-

671 791 812 875 tes,
864 784 923 860 si
962 810 1188 884 neque
1238 809 1377 862 nox
1421 781 1727 862 tenebris
1774 781 2137 855 obscurare
2186 788 2423 854 coetus
2472 780 2765 856 nefarios
2812 809 2940 860 nec
2982 791 3117 887 pri-

746 1105 817 1168 In
840 1108 1234 1188 sequentibus
1256 1109 1502 1189 exponit
1525 1105 1994 1169 Pseudo-Cicero
2017 1107 2163 1186 quid
2184 1107 2378 1188 egerit
2400 1105 2652 1168 Catilina
2666 1154 2683 1180 ,
2714 1110 2934 1190 quibus
2955 1131 3127 1195 appa-

662 1216 795 1266 reat
826 1206 990 1266 illius
1020 1207 1268 1266 consilia
1305 1206 1420 1266 sihi
1455 1214 1679 1285 patere.
1711 1239 1793 1250 —-
1824 1203 2047 1274 Quodsi
2077 1204 2276 1284 paullo
2306 1206 2643 1266 accuratius
2663 1207 3031 1269 attendimus
3054 1209 3129 1269 ad

658 1302 844 1364 finem
886 1323 934 1363 c.
979 1305 1068 1373 4.,
1110 1305 1244 1364 luce
1287 1304 1507 1363 clarius
1549 1302 1889 1364 videbimus
1929 1320 2058 1361 rem
2101 1320 2225 1362 non
2265 1320 2395 1362 esse
2430 1303 2604 1363 nobis
2640 1321 2777 1364 cum
2810 1302 3128 1375 Cicerone,

657 1399 766 1460 sed
821 1419 958 1459 cum
1014 1401 1389 1479 ineptissimo
1444 1400 1862 1459 declamatore.
1948 1396 2083 1458 Scil.
2141 1407 2318 1458 nocte
2374 1399 2671 1459 coniurati
2713 1411 3127 1460 convenerunt

657 1495 817 1574 apud
867 1494 1149 1563 Laecam;
1205 1495 1326 1555 duo
1380 1495 1616 1574 equites
1670 1493 1923 1574 polliciti
1979 1502 2121 1553 sunt
2177 1511 2241 1553 se
2297 1493 2725 1555 interfecturos
2779 1493 3127 1556 Ciceronem

655 1588 768 1650 illa
807 1589 936 1668 ipsa
977 1597 1161 1659 nocte,
1202 1592 1382 1672 paulo
1424 1600 1565 1652 ante
1608 1592 1820 1652 lucem.
1905 1588 2115 1650 Delata
2155 1589 2305 1649 haec
2348 1599 2490 1651 sunt
2531 1591 2609 1652 ad
2648 1592 2989 1662 consulem,
3030 1592 3124 1654 cui

658 1686 803 1746 satis
867 1687 1156 1768 temporis
1219 1688 1404 1752 fuisse
1459 1689 1733 1757 videtur,
1791 1697 1861 1748 ut
1915 1707 1987 1748 ea
2042 1687 2169 1768 ipsa
2224 1696 2401 1749 nocte
2458 1688 2703 1750 domum
2756 1706 2879 1748 non
2935 1689 3124 1749 solum

653 1782 985 1844 maioribus
1038 1786 1353 1863 praesidiis
1401 1786 1670 1846 muniret
1721 1794 1783 1845 et
1833 1783 2135 1853 firmaret,
2186 1783 2275 1865 (ut
2324 1785 2582 1847 duorum
2630 1787 2905 1865 equitum
2954 1787 3020 1848 in
3062 1805 3123 1848 se

659 1879 954 1958 impetum
1009 1891 1210 1960 posset
1260 1881 1644 1962 reprimere),
1696 1881 1805 1942 sed
1854 1883 2037 1942 ctiam
2081 1891 2150 1940 ut
2190 1883 2415 1942 multos
2469 1892 2532 1943 et
2582 1901 2846 1943 summos
2887 1884 3049 1946 viros
3090 1903 3121 1944 c

656 1973 830 2034 lectis
886 1974 962 2034 ad
1019 1995 1082 2036 se
1126 1988 1472 2039 arcesseret.
1560 1977 1790 2048 Quibus
1835 1977 2113 2038 omnibus
2154 1979 2414 2056 peractis
2456 1989 2754 2040 venerunt
2797 1981 2919 2042 duo
2960 1983 3121 2061 equi-

659 2075 778 2136 tes,
833 2070 937 2147 qui
993 2070 1068 2130 ab
1125 2072 1246 2132 illis
1301 2073 1616 2153 praesidiis
1664 2091 1788 2133 non
1838 2074 1994 2151 capti
2038 2083 2212 2142 sunt,
2254 2092 2665 2155 nequaquam;
2721 2078 2950 2138 exclusi
2991 2096 3122 2146 eOS,

654 2161 802 2225 dicit
844 2174 1076 2226 orator:
1120 2178 1212 2228 sat
1254 2171 1417 2248 enim
1460 2169 1670 2229 consul
1718 2167 2068 2238 videbatur,
2108 2170 2318 2230 multis
2368 2180 2431 2232 et
2480 2173 2730 2233 summis
2779 2174 2899 2235 illis
2948 2175 3122 2243 viris,

575 2255 578 2260 ’
652 2259 800 2320 istos
833 2259 1110 2324 homines
1144 2265 1409 2326 indicare
1447 2285 1479 2326 e
1517 2265 1696 2326 domo
1739 2284 1876 2333 sua,
1914 2264 1989 2324 ad
2030 2283 2094 2324 se
2138 2265 2625 2330 interficiendum
2668 2270 3011 2339 venientes,
3052 2288 3123 2330 co

651 2355 814 2433 ipsc,
857 2376 979 2436 quo
1020 2361 1402 2438 praedixerat
1439 2370 1727 2442 tempore.
1813 2359 2003 2429 Talia,
2046 2361 2150 2440 qui
2194 2360 2485 2442 confingit
2528 2364 2797 2426 omnium
2837 2364 3124 2425 nimirum

647 2448 1046 2513 admiratione
1091 2454 1309 2534 dignus
1351 2466 1460 2518 est.

730 2544 918 2628 Magis
973 2569 1118 2612 vero
1173 2571 1236 2614 se
1295 2553 1562 2634 implicat
1620 2563 1824 2613 orator
1878 2553 1943 2613 in
1998 2552 2097 2623 iis,
2138 2571 2295 2634 quac
2339 2556 2544 2617 statim
2592 2566 2933 2636 sequuntur
2972 2575 3022 2616 c.
3068 2557 3121 2616 5.

650 2639 810 2706 Dicit
853 2645 1044 2709 enim:
1088 2668 1282 2728 »quae
1325 2669 1514 2732 quum
1555 2649 1642 2710 ita
1694 2650 1841 2718 sint,
1884 2647 2171 2717 Catilina,
2222 2668 2407 2729 perge
2448 2668 2569 2730 quo
2617 2651 2901 2731 coepisti,
2942 2659 3124 2734 ‘egre-

647 2739 794 2801 dere
851 2742 1175 2823 aliquando
1217 2767 1293 2809 ex
1335 2747 1513 2818 urbe;
1554 2756 1764 2827 patent
1800 2754 2040 2826 portae;
2082 2740 2533 2825 proficiscere.’''
2577 2744 2873 2828 Fugiebat
2916 2758 3125 2809 autem

646 2834 875 2899 bonum
916 2839 1115 2901 virum
1157 2861 1253 2913 se,
1297 2853 1621 2924 antequam
1663 2851 1969 2903 narrasset
2012 2840 2302 2903 Catilinae
2339 2842 2586 2903 consilia
2628 2844 2742 2907 sibi
2777 2863 2906 2905 esse
2943 2856 3123 2916 nota,

647 2930 870 2995 dixisse
914 2935 977 2996 in
1029 2936 1150 2999 fine
1195 2959 1243 3001 c.
1285 2942 1354 3001 2:
1399 2942 1608 3003 »vives
1661 2940 1871 3001 multis
1918 2938 2071 3000 meis
2114 2949 2177 3000 et
2219 2938 2410 3001 firmis
2459 2941 2773 3020 praesidiis
2814 2941 3125 3011 obsessuS,

646 3046 723 3087 ne
787 3048 1163 3097 commovere
1228 3046 1291 3099 te
1352 3046 1566 3100 contra
1629 3034 2061 3116 rempublicam
2118 3034 2365 3115 possis.''
2462 3035 2637 3105 Quod
2701 3046 2939 3107 autem,
3001 3056 3123 3117 quo

633 3125 860 3185 melius
911 3126 1045 3189 fieri
1095 3134 1311 3211 possit,
1363 3134 1534 3195 iubet
1585 3152 1726 3195 eum
1783 3130 1931 3193 urbe
1976 3131 2168 3199 exire,
2212 3131 2275 3190 in
2320 3128 2597 3191 Malliana
2638 3140 2833 3192 castra
2877 3149 2943 3191 se
2984 3149 3124 3192 con-

645 3218 839 3289 ferre,
881 3233 950 3283 ut
991 3224 1076 3285 ibi
1119 3228 1184 3287 in
1227 3231 1500 3290 exercitu
1543 3247 1654 3289 suo
1695 3230 2026 3308 imperator
2069 3248 2103 3288 a
2146 3225 2451 3287 Ciceronis
2494 3228 2810 3306 praesidiis
2844 3227 2930 3287 ita
2968 3226 3124 3288 obsi-

645 3316 894 3388 deatur,
936 3330 1007 3380 ut
1039 3333 1249 3385 contra
1285 3325 1717 3405 rempublicam
1752 3343 2127 3385 commovere
2166 3344 2228 3386 se
2264 3344 2387 3386 non
2423 3324 2641 3405 possit!
2716 3322 2794 3383 Et
2830 3342 2939 3384 cur
2973 3323 3126 3384 illud

645 3412 894 3474 iubetur
950 3416 1244 3479 Catilina?
1328 3418 1400 3481 Ut
1447 3438 1655 3499 maqno
1709 3426 1862 3481 metu
1919 3419 2115 3481 liberet
2176 3419 2497 3483 Ciceronem
2514 3466 2530 3490 ,
2580 3440 2719 3483 eum
2737 3468 2753 3491 ,
2802 3420 2906 3500 qui
2960 3421 3125 3480 omni

643 3506 827 3570 modo
879 3528 943 3569 se
994 3515 1270 3575 coercere
1323 3515 1641 3579 Catilinam
1692 3534 1863 3597 posse
1917 3516 2119 3597 paullo
2170 3526 2311 3577 ante
2368 3516 2839 3595 significaverat!
2920 3513 3127 3584 Educ,

644 3600 796 3664 haec
845 3605 1014 3667 addit
1063 3608 1426 3671 fortissimus
1474 3613 1716 3681 consul,
1767 3610 1922 3672 educ
1974 3620 2175 3671 tecum
2232 3611 2415 3671 etiam
2478 3629 2686 3672 omnes
2730 3621 2895 3672 tuos:
2947 3611 2998 3671 si
3056 3620 3127 3671 tu

647 3703 900 3773 exieris,
955 3705 1350 3767 exhaurietur
1408 3726 1484 3770 ex
1541 3708 1692 3772 urbe
1750 3717 1994 3769 tuorum
2050 3706 2340 3768 comitum
2395 3724 2611 3787 magna
2661 3717 2724 3768 et
2787 3708 3129 3788 perniciosa

649 3800 888 3860 sentina
931 3804 1296 3883 reipublicae
1339 3806 1390 3889 5
1430 3810 1524 3869 12.
1570 3809 1608 3870 f.
1696 3807 1862 3869 Hanc
1905 3817 2108 3869 autem
2154 3824 2392 3868 causam
2432 3807 2773 3885 praetendit
2815 3826 2924 3867 cur
2967 3805 3126 3868 Cati-

646 3892 832 3953 linam
875 3896 1218 3963 interficere
1261 3921 1385 3968 non
1427 3904 1674 3975 audeat,
1716 3922 1855 3965 nam
1894 3904 1945 3965 si
1989 3913 2048 3963 te
2088 3902 2473 3970 interfecero,
2514 3901 2804 3963 residebit
2846 3903 2911 3963 in
2946 3921 3125 3983 repu-

648 3986 804 4051 blica
866 3992 1100 4073 reliqua
1162 4000 1614 4062 coniuratorum
1675 3998 1943 4062 manuS.”
2047 3997 2127 4058 At
2192 3997 2508 4059 Catilinam
2575 4017 2698 4059 non
2761 4000 3127 4062 educturum

650 4101 859 4146 omnes
901 4105 1046 4150 suos,
1082 4094 1306 4171 optime
1349 4095 1576 4157 sciebat
1619 4106 1847 4165 oraton
1898 4094 2052 4158 dixit
2095 4095 2257 4159 enim
2293 4094 2341 4176 S
2382 4097 2446 4166 9,
2489 4096 2755 4158 delectos
2796 4116 2927 4159 esse
2970 4116 3125 4177 quos

648 4176 871 4243 Romae
914 4185 1288 4265 relinqueret
1340 4188 1621 4261 Catilina,
1669 4210 1943 4273 quosque
1995 4210 2199 4252 secum
2240 4192 2543 4253 educeret.
2629 4192 2892 4276 Apparet
2933 4194 3128 4273 igitur

649 4293 784 4339 eam
827 4297 1066 4345 causam
1107 4282 1250 4347 esse'
1282 4285 1493 4351 salsam
1533 4296 1596 4349 et
1625 4278 1945 4351 'rhetorem
1988 4288 2189 4349 denuo
2230 4288 2345 4350 sibi
2388 4288 2649 4369 obloqui.

731 4466 964 4533 Etenim
1009 4476 1148 4555 qnid
1196 4486 1282 4539 est
1325 4514 1488 4527 ---
1538 4480 1667 4543 licet
1717 4497 2101 4560 recoynoscas.
2183 4514 2266 4527 -—
2318 4479 2537 4541 etenim.
2624 4479 2943 4562 Perperam
3007 4481 3123 4542 hoc

649 4565 1009 4629 vocabulum
1045 4570 1146 4633 hic
1180 4585 1535 4657 usurpatum
1576 4596 1717 4639 nam
1751 4596 1906 4657 quae
1942 4585 2281 4658 sequuntur
2320 4576 2765 4639 conclusionem
2808 4578 3122 4638 continent

651 4678 894 4733 corum,
935 4686 1092 4745 quae
1134 4674 1530 4749 praecedunt;
1571 4674 1956 4739 scribendum
1998 4675 2222 4736 idcirco
2262 4675 2499 4735 fuisset:
2542 4674 2745 4753 ἐρίων,
2787 4675 2883 4736 vel
2925 4674 3119 4735 simile

653 4755 816 4838 quid.
900 4758 1033 4823 Non
1067 4765 1372 4844 probanda
1409 4779 1610 4835 autem
1653 4771 1897 4836 videtur
1937 4792 2147 4836 eorum
2189 4772 2487 4844 defensi0,
2526 4774 2631 4854 qui
2672 4771 2877 4835 dicant
2918 4771 3123 4833 etenim
