3375 5500
1695 374 1781 435 66

1692 581 1771 647 L.

588 716 782 802 Apud
848 716 1018 782 Flor.
1070 717 1126 780 I.
1192 719 1294 782 13.
1348 719 1382 800 §
1446 719 1520 780 3:
1609 716 1755 779 nEa
1816 721 1989 781 certe
2055 715 2183 781 fuit
2246 717 2340 782 vis
2409 719 2830 798 calamitatis,
2891 728 2973 786 ut

494 835 564 900 in
621 837 1131 922 experimentum
1179 838 1418 900 illatam
1451 841 1664 920 putem
1712 836 2037 913 divinitus,
2083 836 2247 901 scire
2292 837 2655 904 volentibus
2702 840 2971 905 immor·-

489 956 730 1022 talibus
767 955 889 1020 diis
907 1004 928 1033 ,
980 978 1063 1020 an
1105 957 1404 1020 Romana
1431 954 1634 1019 virtus
1671 953 2015 1038 imperium
2067 954 2237 1020 orbis
2274 958 2695 1023 mereretur.’'
2756 959 2967 1042 Lege:

499 1078 737 1142 illatam
779 1097 966 1159 remp.
1009 1082 1220 1159 putem
1265 1075 1574 1139 divinitus.

1674 1205 1793 1270 LI.

578 1345 776 1430 Apud
832 1343 1109 1410 eundem
1158 1339 1297 1408 III.
1356 1343 1414 1405 1.
1467 1343 1502 1425 ᾦ
1557 1343 1630 1403 7:
1698 1365 1731 1398 n
1755 1339 1885 1405 Sed
1935 1359 2048 1403 νεα·
2082 1343 2327 1424 peritus
2375 1337 2607 1408 fortius
2666 1341 2969 1408 adversus

488 1463 819 1532 Romanos
857 1485 1087 1529 aurum
1130 1481 1306 1538 esse,
1354 1482 1550 1544 quam
1591 1459 1832 1524 ferrum
1852 1507 1871 1536 ‚
1918 1481 2137 1543 pacem
2179 1461 2356 1526 emit.
2451 1461 2660 1545 Lege:
2709 1463 2819 1526 sed
2853 1483 2973 1526 νεα·

490 1587 791 1666 eoepertus.

1645 1666 1805 1731 LII.

575 1803 953 1870 Ridiculum
998 1812 1097 1870 est
1138 1802 1313 1888 quod
1357 1801 1598 1886 legitur
1639 1799 1815 1886 apud
1860 1802 2007 1868 Sex.
2043 1801 2203 1866 Aur.
2232 1803 2406 1868 Vict.
2437 1802 2519 1869 de
2546 1803 2629 1868 V.
2669 1803 2719 1867 1.
2750 1823 2805 1870 c.
2840 1805 2961 1868 57:

495 1952 528 1984 a
549 1926 796 1990 Censor
835 1924 1174 1990 libertinos
1207 1959 1291 1972 -—
1320 1923 1390 1986 in
1421 1925 1702 2005 quatuor
1728 1920 2009 1986 urbanas
2036 1921 2295 1999 divisit,
2342 1922 2429 1988 ob
2458 1922 2633 2007 quod
2677 1944 2718 1987 a
2732 1925 2969 2006 populo

488 2043 735 2127 collega
776 2043 913 2108 eius
942 2040 1254 2107 Claudius
1283 2063 1432 2106 reus
1460 2038 1713 2104 factus”
1742 2047 1893 2105 cett.
1985 2041 2365 2124 Legendum
2410 2049 2509 2107 est
2546 2043 2633 2105 ad
2645 2043 2964 2125 populum.

1625 2171 1824 2235 LIII.

576 2308 660 2371 In
698 2309 742 2371 l.
795 2309 895 2372 16.
925 2311 959 2391 ἦ
992 2309 1054 2370 2.
1085 2306 1149 2369 ff.
1191 2305 1273 2371 de
1318 2305 1492 2370 alim.
1539 2306 1638 2371 vel
1676 2305 1799 2371 cib.
1843 2306 1967 2390 leg.
2016 2305 2357 2394 (XXXIV.
2408 2307 2532 2394 I.):
2589 2308 2967 2375 nBasilicae

483 2427 754 2493 libertae
817 2424 1039 2491 decem
1101 2424 1317 2501 dedit,
1384 2447 1574 2508 quam
1645 2425 1816 2509 apud
1861 2425 2230 2510 Epictetum
2282 2432 2348 2491 et
2398 2425 2777 2505 Callistum,
2822 2449 2965 2494 esse

483 2547 727 2623 voluit,
771 2552 884 2622 ut,
946 2565 1147 2629 quum
1201 2542 1401 2606 fuerit
1443 2540 1725 2608 Basilice
1780 2565 2095 2609 annorum
2154 2544 2383 2628 viginti
2435 2547 2764 2630 quinque,
2808 2568 2961 2611 cum

484 2668 698 2733 usuris
732 2664 1201 2753 quincuncibus
1229 2663 1726 2749 restituerentur
1747 2713 1768 2741 ,
1812 2663 1906 2728 ita
1948 2674 2023 2730 ut
2052 2687 2127 2731 ex
2160 2666 2371 2731 usuris
2404 2666 2721 2742 aleretur,
2764 2674 2961 2751 prout

483 2794 761 2855 aetatem
807 2784 1258 2870 ampliaverit.”
1348 2784 1505 2868 Leg.
1556 2786 1957 2867 compleverit.

1620 2918 1802 2983 LIV.

573 3057 656 3119 In
695 3056 737 3122 l.
784 3058 846 3119 6.
884 3052 950 3118 ff.
995 3054 1073 3121 de
1117 3056 1248 3121 ritu
1296 3063 1479 3141 nupt.
1541 3052 1834 3137 (XXIII.
1870 3054 1994 3136 2.):
2069 3052 2405 3138 ndenique
2442 3053 2656 3117 Cinna
2696 3051 2961 3127 scribit,

483 3197 668 3251 eum,
715 3174 827 3257 qui
878 3174 1174 3237 absentem
1215 3174 1461 3259 accepit
1500 3195 1808 3249 uxorem,
1856 3170 2091 3237 deinde
2131 3210 2221 3219 -—
2262 3172 2592 3256 periisset,
2639 3172 2721 3237 ab
2754 3192 2961 3235 uxore

478 3293 869 3377 lugendum,
913 3312 1292 3375 responsum
1321 3291 1506 3375 ⁴est.’'
1597 3293 1755 3374 Leg.
1804 3290 2033 3353 absens.

1643 3424 1785 3487 LV.

569 3557 950 3623 Reiicienda
1009 3565 1106 3623 est
1147 3578 1373 3623 eorum
1431 3556 1652 3641 opinio
1676 3605 1696 3633 ,
1759 3558 1871 3642 qui
1934 3557 2334 3624 contendant
2382 3560 2700 3643 genitivos
2751 3559 2959 3634 illius,

478 3679 654 3741 istius
670 3726 691 3755 ‚
733 3678 928 3761 ipsius
943 3724 962 3755 ‚
1009 3676 1436 3762 penultimam
1493 3682 1728 3742 natura
1775 3676 2157 3761 productam
2203 3678 2459 3744 habere.

1633 3813 1815 3877 LVI.

569 3944 704 4009 Qui
753 3966 792 4008 a
839 3953 1022 4029 patre
1064 3952 1318 4030 patrato
1368 3944 1735 4023 dedendus,
1783 3946 1867 4012 ab
1909 3947 2203 4012 hostibus
2246 3953 2541 4033 receptus
2593 3969 2728 4013 non
2778 3952 2955 4023 erat,

479 4064 620 4130 iure
662 4064 1047 4149 postliminii
1090 4066 1532 4132 revertebatur
1575 4068 1646 4131 in
1692 4066 1990 4151 patriam.

1596 4201 1820 4265 LVII.

569 4332 832 4396 Falsum
881 4340 978 4397 est
1034 4334 1393 4417 praemium
1449 4334 1574 4399 hoc
1631 4356 1711 4399 ex
1757 4333 2009 4417 legibus
2060 4332 2141 4398 de
2187 4333 2436 4399 ambitu
2504 4332 2643 4397 dari
2697 4353 2960 4397 accusa-

477 4451 726 4517 toribus
746 4500 765 4528 ,
826 4457 902 4517 ut
961 4453 1409 4537 magistratum
1475 4458 1779 4539 gererent
1825 4473 2088 4531 eorum,
2149 4474 2311 4537 quos
2376 4450 2743 4536 designatos
2798 4471 2959 4516 con-

480 4570 879 4637 demnarant.

1533 4721 1914 4750 ψ
