3375 5500
2636 426 2723 469 XV

271 609 508 696 scripta
550 605 759 672 verbis
805 609 1009 680 esset,
1071 609 1231 687 quot
1281 603 1546 671 dixisset
1595 607 1710 692 ⁷⁶).
1800 606 2029 673 Annos
2086 607 2358 674 XXVII
2402 617 2593 679 natus
2646 615 2725 679 L.

265 731 535 795 Crassus
586 725 878 794 defendit
930 724 1254 790 Liciniam
1301 725 1648 809 virginem,
1706 727 1775 791 in
1826 748 1955 812 qua
2004 749 2199 794 causa
2245 729 2374 796 fuit
2421 732 2729 818 eloquen-

259 850 550 916 tissimus
569 895 594 926 ,
665 847 936 930 eiusque
1000 845 1311 911 orationis
1367 854 1580 931 partes
1626 847 1939 931 quasdam
1982 849 2251 936 scriptas
2290 826 2560 936 reliquit
2607 854 2724 943 7·1).

270 968 454 1035 Quin
527 967 724 1034 etiam
738 1013 759 1044 ,
831 983 1034 1047 quum
1087 965 1358 1032 Curioni
1415 966 1582 1052 patri
1598 1014 1620 1045 ,
1681 967 2016 1034 Ciceronis
2068 970 2325 1054 aequali
2340 1017 2361 1048 ,
2415 975 2731 1040 memoria

261 1090 446 1154 nulla
495 1097 664 1156 esset
680 1138 701 1169 ,
751 1111 832 1156 ex
880 1097 1173 1174 tempore
1215 1087 1426 1153 dicere
1460 1088 1712 1154 solebat
1726 1137 1749 1167 ,
1784 1090 2075 1174 quamvis
2108 1111 2291 1156 mens
2324 1092 2519 1158 solita
2559 1101 2729 1162 esset

263 1209 508 1276 dicenti
553 1209 814 1276 effluere
831 1259 856 1288 ,
893 1217 970 1276 ut
1009 1206 1362 1293 aliquando
1403 1209 1624 1274 contio
1669 1230 1822 1274 eum
1873 1209 2210 1294 reliquerit
2247 1209 2571 1280 dicentem
2606 1219 2697 1299 78)
2713 1265 2727 1278 .

307 1333 540 1398 Quum
599 1330 827 1398 Cicero
879 1329 1226 1416 quatriduo
1287 1351 1358 1394 se
1403 1329 1783 1394 Cornelium
1827 1329 2192 1398 defendisse
2238 1332 2727 1416 significaverit,

263 1451 554 1518 actiones
595 1450 764 1516 illas·
786 1456 1006 1516 tamen
1048 1449 1121 1514 in
1161 1448 1320 1514 duas
1373 1448 1701 1514 orationes
1747 1451 2027 1516 contulit
2058 1451 2149 1539 ⁷⁹)
2173 1499 2195 1530 ,
2246 1451 2326 1518 de
2371 1475 2503 1538 qua
2536 1475 2731 1520 causa

261 1570 608 1637 Cornelius
656 1572 884 1656 Nepos
925 1555 1124 1636 refert
1138 1617 1159 1648 ,
1209 1590 1280 1634 se
1320 1576 1660 1654 praesente
1700 1568 1935 1636 iisdem
1976 1593 2183 1656 paene
2206 1572 2416 1638 verbis
2430 1621 2451 1652 ,
2492 1574 2727 1659 quibus

263 1690 442 1756 edita
491 1698 592 1757 est
600 1737 624 1768 ,
671 1712 814 1757 eam
872 1712 988 1776 pro
1044 1688 1352 1755 Cornelio
1407 1687 1719 1754 seditioso
1774 1689 2043 1755 tribuno
2099 1689 2543 1758 defensionem
2584 1715 2727 1778 per-

263 1819 516 1878 oratam
547 1833 686 1878 esse
727 1808 845 1898 ⁸⁰).
916 1809 1116 1876 Quod
1159 1808 1415 1874 inverso
1448 1806 1674 1874 ordine
1710 1831 1749 1874 a
1786 1811 1865 1875 L.
1895 1809 2179 1875 Lucceio
2212 1810 2459 1876 factum
2492 1834 2631 1880 esse
2657 1815 2728 1878 in

263 1931 658 2008 Catilinam,
700 1953 905 2016 quum
939 1929 1054 1996 ille
1092 1929 1417 2014 repulsam
1471 1928 1762 2008 tulisset,
1813 1929 2343 2015 competitoribus
2388 1932 2728 2011 Cicerone,

257 2051 564 2124 Antonio
619 2051 929 2135 aliisque,
986 2049 1262 2116 conficio
1317 2070 1398 2114 ex
1453 2049 1740 2114 Asconio
1784 2053 1878 2135 ⁸¹)
1894 2074 1917 2130 3
1970 2051 2295 2117 accusavit
2338 2052 2513 2118 enim
2549 2053 2730 2119 Cati-

260 2172 472 2236 linam
519 2171 694 2237 inter
731 2169 996 2236 sicarios
1012 2217 1034 2248 ,
1090 2191 1168 2236 ex
1204 2191 1336 2255 qua
1373 2168 1783 2235 accusatione
1835 2169 2052 2255 plures
2106 2170 2433 2238 orationes
2472 2173 2731 2240 videtur

263 2289 704 2376 composuisse
748 2311 914 2375 quae
956 2289 1040 2355 ab
1081 2288 1370 2354 Asconio
1414 2288 1785 2353 laudantur.

359 2409 634 2496 Saepius
685 2415 907 2476 tamen
955 2409 1204 2474 factum
1249 2415 1349 2475 est
1368 2455 1390 2487 ,
1435 2407 1613 2493 quod
1655 2408 1761 2474 vel
1808 2429 1889 2475 ex
1938 2410 2243 2496 exemplis
2290 2412 2503 2479 allatis
2518 2461 2540 2492 ,
2584 2419 2725 2480 tum

269 2529 606 2596 Hortensii
646 2550 765 2615 pro
802 2529 1087 2595 Messala
1121 2528 1426 2607 dicentis,
1471 2535 1614 2594 tum
1641 2529 1973 2596 Ciceronis
2011 2551 2129 2614 pro
2156 2532 2496 2611 Cornelio,
2532 2553 2728 2618 appa-

271 2672 414 2718 rere
447 2656 664 2737 potaet
678 2697 701 2728 ,
738 2656 842 2728 ut,
875 2671 1042 2734 quae
1073 2649 1248 2714 dicta
1280 2654 1494 2715 essent
1507 2696 1528 2727 ,
1569 2649 1857 2714 limatius
1886 2650 1958 2712 in
1994 2649 2325 2733 publicum
2361 2651 2725 2731 ederentur,

269 2778 412 2837 tum
473 2772 882 2857 perspicuum
954 2778 1054 2837 est
1121 2792 1198 2837 ex
1262 2771 1363 2835 his
1427 2770 1636 2836 verbis
1685 2771 2051 2836 Ciceronis:
2112 2797 2147 2831 ιι
2168 2776 2489 2838 oratorem
2537 2772 2726 2839 irasci

267 2892 536 2957 minime
599 2890 818 2957 decet:
864 2928 952 2939 -—
997 2913 1082 2955 an
1141 2889 1264 2955 tibi
1321 2896 1466 2955 tum
1525 2889 1715 2955 irasci
1770 2889 2100 2968 videmur,
2175 2912 2377 2975 quum
2437 2891 2595 2975 quid
2653 2894 2725 2957 in

266 3012 473 3077 causis
543 3012 753 3077 acrius
824 3017 892 3077 et
954 3009 1400 3075 vehementius
1469 3009 1774 3074 dicimus:
1842 3008 2051 3094 quid?
2122 3031 2273 3075 cum
2332 3011 2464 3077 iam
2523 3012 2717 3077 rebus

272 3132 610 3198 transactis
673 3137 741 3198 et
806 3129 1166 3217 praeteritis
1235 3129 1560 3195 orationes
1623 3128 1995 3208 scribimus,
2064 3152 2228 3195 num
2286 3132 2438 3199 irati
2500 3133 2727 3199 scribi-

269 3275 410 3318 mus
425 3252 501 3318 ?’'
551 3253 644 3344 82)
739 3251 1077 3339 Optimum
1116 3250 1310 3315 huius
1355 3251 1452 3316 rei
1507 3249 1971 3317 documentum
2024 3252 2290 3338 praebet
2344 3254 2553 3319 oratio
2605 3273 2725 3338 pro

267 3370 579 3439 Deiotaro
649 3393 836 3457 rege,
899 3394 1097 3457 quam
1167 3371 1396 3437 Cicero
1463 3372 1771 3457 scriptam
1832 3372 2115 3457 reliquit.
2210 3373 2377 3439 Quis
2426 3373 2602 3439 enim
2651 3374 2724 3437 in

271 3491 560 3558 animum
591 3491 891 3571 inducet,
927 3499 1005 3559 ut
1035 3492 1255 3559 credat
1298 3493 1678 3559 Ciceronem
1724 3493 1900 3558 intra
1943 3493 2216 3578 parietes
2256 3492 2340 3557 ad
2377 3494 2450 3559 C.
2492 3492 2727 3559 Caesa-

268 3632 402 3677 rem
451 3619 590 3679 tam
642 3613 984 3698 magnifice
1037 3613 1230 3679 verba
1271 3612 1500 3679 fecisse
1540 3613 1620 3679 de
1665 3612 1988 3680 tetrarcha
2037 3612 2319 3698 quodam
2368 3634 2448 3679 ex
2492 3614 2725 3677 ultima

270 3734 456 3813 Asia,
494 3734 870 3819 praesertim
899 3755 1102 3819 quum
1143 3734 1281 3819 ipse
1315 3732 1399 3798 ad
1442 3732 1852 3798 Dolabellam
1888 3732 2126 3797 scribat
2166 3736 2295 3817 8³):
2359 3760 2392 3793 ιι
2415 3732 2723 3797 Oratiun-

326 4047 390 4117 76)
423 4050 530 4104 Cic.
563 4054 711 4106 Brut.
749 4060 836 4107 96.
870 4058 897 4125 §
929 4064 1050 4109 328.

327 4133 392 4202 ⁷⁷)
427 4138 560 4189 Ibis.
599 4146 682 4191 43.
717 4141 744 4206 ς
784 4146 897 4195 160.

327 4219 390 4286 ⁷⁸)
422 4224 554 4274 Ibis.
592 4228 675 4275 61.
711 4226 737 4292 §
773 4232 890 4278 219.

327 4304 390 4371 7⁹)
423 4308 612 4361 Ascon.
649 4326 700 4375 p.
737 4316 820 4363 62.
859 4310 1035 4364 Orelli.

326 4388 390 4458 ⁸⁰)
422 4392 505 4444 Ita
553 4394 722 4446 locum
773 4397 912 4447 dedit
951 4398 1087 4448 Roth
1133 4400 1186 4449 in
1235 4400 1312 4451 ed.
1358 4398 1570 4451 Aemilii
1615 4398 1788 4449 Probi.
1860 4398 2013 4449 Basil.
2072 4403 2197 4449 1841
2250 4411 2299 4459 p.
2342 4401 2455 4449 187.
2492 4396 2733 4450 Servatur

260 4474 398 4527 ¹⁰⁰¹²⁸
431 4492 510 4541 81).
547 4479 920 4547 Hieronymum
953 4490 1129 4534 contra
1161 4484 1237 4534 Io.
1273 4485 1789 4551 Hierosolymitanum
1824 4500 1866 4535 c.
1910 4489 1986 4533 12.
2024 4484 2118 4533 Ed.
2151 4482 2354 4536 Vallars
2380 4488 2416 4533 t.
2442 4484 2515 4533 II.
2544 4498 2592 4547 p.
2613 4484 2731 4533 419.

325 4557 390 4625 81)
425 4562 547 4613 Asc.
581 4578 633 4627 p.
673 4568 766 4627 92,
804 4571 887 4617 93.
927 4564 1085 4618 Orell.

325 4640 389 4710 82)
424 4644 526 4698 Cic.
563 4648 712 4717 Tusc.
747 4650 892 4714 Disp.
926 4651 1024 4703 IV.
1063 4656 1145 4701 25.
1182 4653 1209 4717 5
1243 4658 1325 4703 55.

326 4726 390 4797 85)
427 4730 532 4785 Cic.
569 4734 634 4785 ad
667 4734 814 4789 Fam·
852 4735 936 4786 IX·
976 4740 1056 4788 12·
1092 4737 1118 4801 §
1154 4742 1201 4788 2·
