3375 5500
1807 377 1985 445 38.

617 588 737 663 Ad
798 586 1007 660 huius
1066 584 1242 658 vitae
1307 582 1620 657 studium
1667 581 1985 656 meditati
2022 588 2186 656 sunt
2222 580 2322 654 illi
2362 581 2457 671 ⁶⁰)
2478 637 2501 668 ,
2548 582 2673 679 qui
2712 583 3030 660 feruntur
3049 644 3071 674 ‚

621 716 889 790 labores
947 713 1054 787 tui
1074 771 1092 800 ‚
1162 713 1380 786 iacere
1441 710 1640 784 humi
1678 735 1820 784 non
1870 710 2077 784 modo
2128 711 2225 801 ⁰¹)
2276 709 2367 783 ad
2410 708 2872 787 obsidendum
2926 721 3075 788 stu-

619 869 824 943 prum
845 902 864 930 ,
915 866 1152 915 verum
1191 840 1401 913 etiam
1441 839 1533 913 ad
1567 839 1835 914 facinus
1872 837 2275 912 obeundum
2293 896 2312 925 ,
2352 837 2634 940 vigilare
2672 863 2811 913 non
2848 841 3079 916 solum

617 970 1064 1044 insidiantem
1109 993 1350 1042 somno
1397 967 1803 1041 maritorum
1825 1025 1844 1054 ‚
1895 989 2135 1040 verum
2180 964 2389 1039 etiam
2429 965 2629 1040 bonis
2676 967 3079 1045 otiosorum.

497 1148 508 1157 -
620 1098 864 1173 Habes
886 1158 906 1187 ,
979 1097 1104 1171 ubi
1167 1104 1471 1170 ostentes
1529 1095 1720 1170 illam
1790 1102 1982 1169 tuam
2043 1094 2138 1186 02)
2202 1093 2618 1191 praeclaram
2674 1095 3083 1193 patientiam

621 1226 824 1300 famis
843 1285 862 1314 ,
905 1225 1174 1324 frigoris
1195 1283 1214 1312 ‚
1255 1223 1528 1324 inopiae
1568 1247 1801 1297 rerum
1848 1221 2201 1308 omnium;
2252 1219 2507 1319 quibus
2552 1229 2623 1294 te
2668 1221 2860 1296 brevi
2904 1233 3082 1300 tem-

619 1377 784 1452 pore
841 1352 1231 1426 confectum
1297 1376 1446 1426 esse
1494 1352 1590 1442 ⁶³)
1655 1350 1929 1424 senties,
2032 1353 2148 1425 27.
2220 1349 2525 1422 Tantum
2582 1350 2837 1447 profeci
2889 1360 3043 1426 tum
3060 1413 3080 1441 ,

619 1506 840 1579 quum
903 1487 970 1553 te
1033 1506 1073 1554 a
1117 1479 1479 1554 consulatu
1526 1478 1837 1577 reppuli,
1891 1484 1970 1551 ut
2027 1477 2226 1550 exsul
2273 1476 2505 1576 potius
2550 1484 2813 1553 tentare
2867 1506 3084 1578 quam

706 1640 770 1710 ⁶⁰)
805 1642 882 1694 illi
913 1648 1044 1694 sunt.
1182 1639 1246 1708 θ’)
1282 1657 1386 1694 non
1421 1641 1602 1692 solum.
1742 1636 1806 1706 ⁶²)
1841 1645 1983 1690 tuam
2014 1638 2174 1688 illam.
2312 1633 2375 1704 ⁶³)
2410 1651 2536 1689 esse.
2568 1638 2712 1689 omis.

615 1923 910 2004 speculari
951 1934 1022 1984 et
1071 1923 1380 1984 custodire
1415 1921 1749 1983 Catilinam.
1836 1921 2067 1980 Audire
2112 1919 2373 1997 aliquem
2409 1926 2574 1978 recte
2610 1917 2835 1978 dicitur
2870 1921 2918 1979 si
2955 1922 3093 1998 quis

615 2031 820 2080 cantat
875 2021 974 2080 vel
1036 2021 1220 2082 verba
1283 2021 1452 2087 facit,
1523 2019 1630 2078 sed
1685 2018 1745 2077 h.
1804 2019 1841 2077 l.
1898 2033 2213 2096 perperam
2269 2014 2529 2092 ponitur.
2633 2047 2714 2058 —-
2780 2015 2859 2074 ad
2916 2015 3094 2077 huius

610 2115 760 2176 vitae
800 2115 1068 2176 studium.
1155 2113 1217 2175 Si
1262 2115 1408 2194 quid
1449 2115 1628 2174 video
1662 2113 1813 2173 haec
1856 2110 2177 2173 referenda
2220 2119 2363 2169 sunt
2407 2111 2481 2169 ad
2520 2127 2617 2177 ea,
2660 2127 2815 2186 quae
2851 2129 3091 2189 praece-

611 2211 794 2280 dunt,
837 2211 1026 2290 igitur
1063 2211 1167 2270 ad:
1226 2209 1362 2270 »hic
1399 2218 1470 2270 tu
1517 2228 1636 2287 qua
1677 2207 1911 2268 laetitia
1954 2204 2309 2285 perfruere?
2366 2205 2587 2282 quibus
2622 2207 2858 2284 gaudiis
2892 2208 3090 2268 exsul-

615 2307 804 2368 tabis?
855 2317 1080 2385 quanta
1138 2308 1202 2366 in
1249 2307 1562 2384 voluptate
1606 2303 2002 2370 bacchabere,
2044 2320 2181 2362 cum
2220 2301 2283 2360 in
2332 2309 2501 2362 tanto
2551 2318 2804 2362 numero
2845 2312 3093 2363 tuorum

613 2420 828 2484 neque·
856 2403 1066 2464 audies
1114 2403 1312 2462 virum
1363 2402 1588 2461 bonum
1632 2419 1831 2480 neque
1869 2397 2141 2460 videbis?
2226 2394 2385 2465 Quid
2433 2395 2547 2456 hoc
2596 2396 2716 2458 dici
2760 2409 2957 2478 potest
2999 2400 3090 2459 in·

614 2497 855 2578 eptius?
916 2532 1000 2544 -—
1031 2497 1132 2578 qui
1159 2499 1446 2576 feruutur.
1511 2496 1817 2558 Habemus
1852 2515 2025 2557 reum
2052 2493 2471 2562 confitentcm;
2512 2493 2639 2572 ipse
2666 2495 2830 2554 enim
2864 2495 3092 2556 indicat

613 2593 828 2655 rhetor
869 2595 1204 2654 orationem
1259 2611 1390 2654 esse
1444 2594 1727 2672 scriptam
1782 2593 2091 2670 aliquanto
2147 2599 2281 2669 post
2332 2590 2825 2650 coniurationem.
2912 2589 3090 2670 Apud

615 2708 718 2751 eos
759 2708 1007 2771 nempe,
1050 2691 1154 2769 qui
1203 2691 1603 2770 scripserunt,
1658 2690 1787 2751 sive
1836 2688 1913 2751 de
1963 2685 2262 2748 industria
2308 2683 2469 2766 (Sall.
2507 2683 2567 2744 B.
2604 2683 2663 2744 C.
2702 2685 2803 2768 5.),
2852 2688 2980 2747 sive
3026 2688 3089 2748 in

615 2788 908 2855 transitu,
970 2785 1107 2867 (Cic.
1158 2807 1212 2867 p.
1255 2786 1458 2848 Coelio
1501 2789 1554 2848 5.
1605 2786 1654 2867 5
1704 2786 1853 2867 12),
1904 2785 1981 2845 de
2041 2783 2333 2845 Catilinae
2397 2782 2809 2843 coniuratione
2865 2784 3091 2864 depicti

615 2892 789 2943 erant
837 2881 1101 2942 hominis
1153 2902 1353 2944 mores
1407 2894 1471 2945 et
1513 2883 2030 2943 characterismus,
2115 2879 2255 2941 Post
2295 2879 2409 2939 hos
2458 2879 2701 2939 demum
2748 2881 2868 2943 dici
2927 2893 3092 2961 pote-

615 2988 738 3037 rat:
795 2978 1060 3040 »labores
1097 2980 1199 3060 qui
1247 2980 1536 3058 feruutur.
1581 2978 1799 3040 Orator
1860 2989 2071 3039 noster
2117 2977 2180 3038 id
2224 2994 2409 3056 agens
2460 2986 2528 3036 ut
2573 2976 2776 3037 odiose
2819 2978 2896 3037 de
2940 2978 3093 3039 Cati-

616 3075 741 3134 lina
791 3084 1153 3155 exponeret,
1217 3093 1293 3133 cx
1347 3075 1454 3143 iis,
1491 3094 1664 3154 .quae
1708 3074 1869 3154 apud
1918 3074 2066 3135 alios
2114 3073 2435 3150 scriptores
2483 3072 2745 3151 legerat,
2800 3075 2898 3134 vel
2940 3094 3095 3153 quae

611 3168 922 3229 audiendo
977 3180 1320 3248 acceperat,
1383 3190 1506 3231 non
1547 3173 1822 3232 nominat
1876 3171 2022 3231 nisi:
2074 3171 2313 3229 »iacere
2355 3169 2525 3229 humi
2570 3168 2647 3229 ad
2698 3168 3095 3231 obsidendum

619 3275 927 3344 stuprum,
984 3265 1236 3344 vigilare
1284 3283 1494 3326 somno
1542 3269 1931 3336 maritorum,
1988 3286 2055 3327 ac
2096 3267 2147 3325 si
2182 3267 2246 3325 in
2292 3265 2389 3325 his
2430 3266 2625 3325 solum
2667 3265 2922 3326 Catilina
2965 3285 3093 3328 ver-

619 3371 860 3423 saretur
905 3361 1233 3421 laboribus.
1319 3360 1517 3441 Atque
1575 3364 1639 3423 in
1681 3382 1754 3423 ea
1796 3366 1923 3442 ipsa
1980 3364 2389 3443 expositione,
2452 3382 2631 3441 quam
2680 3380 2859 3422 nemo
2914 3362 3095 3423 credo

619 3458 962 3536 intelligere
1000 3466 1232 3535 potest,
1269 3457 1506 3536 saepius
1536 3468 1743 3537 peccat
1780 3468 1989 3519 contra
2025 3478 2203 3519 usum
2231 3461 2525 3519 sermonis
2552 3457 2753 3519 Latini
2788 3470 2853 3519 et
2887 3468 3099 3519 contra-

620 3572 828 3614 sanam
880 3553 1194 3613 rationem.
1293 3551 1605 3621 Quomodo
1647 3556 1838 3615 enim:
1894 3590 1977 3601 —
2021 3554 2209 3615 iacere
2259 3554 2452 3624 humi,
2492 3555 2655 3615 inter
2688 3555 2925 3614 labores
2959 3556 3096 3615 iUos

620 3650 912 3711 Catilinae
960 3650 1267 3709 numerari
1311 3651 1548 3729 potest?
1593 3650 1752 3720 Quid
1788 3662 1880 3712 est
1916 3658 2179 3731 stuprum
2206 3651 2484 3721 obsidere,
2526 3651 2689 3730 quod
2723 3652 2974 3711 verbum
3018 3652 3094 3711 de

619 3766 693 3807 ea
759 3764 858 3814 re,
921 3764 1101 3825 quam
1154 3764 1394 3824 capere,
1456 3764 1801 3827 expugnare
1853 3750 2127 3828 cupimus
2177 3757 2505 3827 usurpatur
2545 3765 2669 3806 non
2718 3747 2793 3807 de
2844 3746 3095 3825 stupro?

625 3841 785 3912 Quid
841 3841 1006 3901 aliud
1055 3851 1302 3920 apparet
1365 3860 1438 3901 ex
1493 3841 1590 3903 his
1639 3844 1867 3905 verbis:
1932 3862 2090 3903 »uon
2146 3843 2328 3903 solum
2390 3842 2467 3902 ad
2522 3848 2777 3919 stuprum
2842 3841 3095 3901 obsiden-

621 3937 761 3997 dum
805 3968 890 3979 —-
933 3954 1127 3995 verum
1175 3936 1348 3996 etiam
1390 3937 1467 3996 ad
1509 3937 1745 4015 facinus
1786 3939 2133 3998 obeundum”
2170 3956 2349 4016 quam
2382 3936 2527 3996 hoc:
2570 3939 2831 4014 stuprum
2864 3936 3093 3996 rhetori

622 4039 833 4092 nostro
861 4047 986 4089 non
1015 4030 1210 4090 videri
1245 4030 1476 4108 facinus
1495 4034 1526 4090 ,Ρ
1610 4031 2008 4093 Possumusne
2053 4031 2328 4093 insidiari
2362 4049 2555 4091 somno
2590 4030 2842 4091 alicuius
2858 4076 2875 4099 ,
2910 4050 3095 4109 quum

625 4137 860 4189 certum
909 4134 973 4185 et
1022 4134 1237 4185 notum
1281 4128 1392 4195 sit,
1434 4146 1556 4186 non
1601 4129 1873 4189 insidiari
1914 4130 2030 4189 nisi
2076 4130 2181 4197 iis,
2223 4146 2377 4207 quae
2422 4146 2633 4205 capere
2676 4144 2992 4205 possumus
3032 4135 3097 4186 et

623 4224 913 4304 cupimus
998 4222 1198 4292 Quum
1233 4220 1388 4281 obire
1429 4224 1620 4284 soleat
1663 4225 1783 4285 dici
1827 4225 1901 4285 de
1938 4226 2043 4294 iis,
2086 4244 2238 4303 quae
2275 4224 2451 4285 nobis
2494 4223 2771 4303 imposita
2814 4223 2937 4281 sint
2972 4220 3096 4282 offi-

625 4319 749 4386 cia,
792 4317 937 4395 quid
979 4318 1098 4379 erit
1153 4318 1390 4396 facinus
1437 4320 1640 4380 obire?
1740 4320 1850 4383 Vel
1905 4322 2051 4402 quid
2101 4322 2215 4381 sibi
2272 4323 2403 4383 vult
2451 4321 2553 4381 illa
2602 4319 2920 4381 antithesis
2971 4318 3098 4379 »in-

627 4414 837 4475 sidiari
903 4434 1021 4475 non
1083 4416 1266 4476 solum
1320 4436 1511 4479 smnno
1565 4419 1937 4488 maritorum,
1999 4438 2194 4481 verum
2268 4420 2441 4480 etiam
2503 4417 2664 4478 bonis
2718 4415 3025 4477 otiosorum
3039 4412 3097 4474 3⁹⁹

625 4546 707 4557 --
741 4518 794 4571 te
842 4528 882 4570 a
923 4511 1226 4573 consulatu
1288 4513 1530 4593 reppuli.
1615 4513 1724 4574 Est
1773 4516 2003 4595 populi,
2060 4534 2183 4577 non
2227 4516 2530 4577 Ciceronis
2586 4513 2749 4575 unde
2794 4513 2978 4573 etiam
3014 4512 3095 4579 is,

625 4608 729 4687 qui
773 4627 806 4669 a
843 4609 1066 4688 populo
1107 4627 1230 4668 non
1277 4619 1520 4670 creatur
1574 4611 1827 4679 dicitur;
1883 4610 2177 4690 repulsam
2217 4611 2389 4689 ferre.
2480 4644 2561 4656 -—
2594 4616 2659 4671 ut
2706 4608 2873 4669 exsul
2904 4607 3098 4687 potius

627 4709 846 4764 tentare
884 4738 966 4751 —-
1000 4722 1197 4784 posses
1237 4706 1659 4785 rempublicam.
1760 4706 1914 4778 Hoc,
1956 4709 2193 4771 etiamsi
2227 4709 2346 4771 dici
2396 4716 2600 4787 posset
2634 4704 2841 4769 Cicero
2883 4722 3097 4785 reppu-
