<?xml version="1.0" encoding="UTF-8"?>
<!DOCTYPE html PUBLIC "-//W3C//DTD XHTML 1.0 Transitional//EN"
    "http://www.w3.org/TR/xhtml1/DTD/xhtml1-transitional.dtd">
<html xmlns="http://www.w3.org/1999/xhtml" xml:lang="en" lang="en">
 <head>
  <title>
</title>
<meta http-equiv="Content-Type" content="text/html;charset=utf-8" />
  <meta name='ocr-system' content='tesseract 3.04.00' />
  <meta name='ocr-capabilities' content='ocr_page ocr_carea ocr_par ocr_line ocrx_word'/>
</head>
<body>
  <div class='ocr_page' id='page_1' title='image "./disputatiodeora00cicegoog_0055.png"; bbox 0 0 3375 5500; ppageno 0'>
   <div class='ocr_carea' id='block_1_1' title="bbox 2526 489 2751 533">
    <p class='ocr_par' dir='ltr' id='par_1_1' title="bbox 2526 489 2751 533">
     <span class='ocr_line' id='line_1_1' title="bbox 2526 489 2751 533; baseline 0.009 -3"><span class='ocrx_word' id='word_1_1' title='bbox 2526 489 2751 533; x_wconf 74' lang='lat' dir='ltr'><strong>xxxvl!</strong></span> 
     </span>
    </p>
   </div>
   <div class='ocr_carea' id='block_1_2' title="bbox 275 652 2749 1478">
    <p class='ocr_par' dir='ltr' id='par_1_2' title="bbox 275 652 2749 1478">
     <span class='ocr_line' id='line_1_2' title="bbox 380 652 2745 750; baseline 0.011 -34"><span class='ocrx_word' id='word_1_2' title='bbox 380 652 466 717; x_wconf 90' lang='lat' dir='ltr'><strong>In</strong></span> <span class='ocrx_word' id='word_1_3' title='bbox 525 653 728 720; x_wconf 85' lang='lat' dir='ltr'><strong>altero</strong></span> <span class='ocrx_word' id='word_1_4' title='bbox 793 654 937 720; x_wconf 90' lang='lat' dir='ltr'><strong>loco</strong></span> <span class='ocrx_word' id='word_1_5' title='bbox 997 655 1222 722; x_wconf 85' lang='lat' dir='ltr'><strong>Livius</strong></span> <span class='ocrx_word' id='word_1_6' title='bbox 1282 656 1441 722; x_wconf 86' lang='lat' dir='ltr'><strong>hacc</strong></span> <span class='ocrx_word' id='word_1_7' title='bbox 1507 657 1737 726; x_wconf 83' lang='lat' dir='ltr'><strong>habet:</strong></span> <span class='ocrx_word' id='word_1_8' title='bbox 1816 687 1853 721; x_wconf 87' lang='grc' dir='ltr'><strong>ιι</strong></span> <span class='ocrx_word' id='word_1_9' title='bbox 1879 664 2239 750; x_wconf 80' lang='lat' dir='ltr'><strong>Supersunt</strong></span> <span class='ocrx_word' id='word_1_10' title='bbox 2311 672 2507 739; x_wconf 86' lang='lat' dir='ltr'><strong>etiam</strong></span> <span class='ocrx_word' id='word_1_11' title='bbox 2572 699 2745 743; x_wconf 88' lang='lat' dir='ltr'><strong>nunc</strong></span> 
     </span>
     <span class='ocr_line' id='line_1_3' title="bbox 293 772 2749 865; baseline 0.005 -29"><span class='ocrx_word' id='word_1_12' title='bbox 293 772 689 838; x_wconf 80' lang='lat' dir='ltr'><strong>Samnitium</strong></span> <span class='ocrx_word' id='word_1_13' title='bbox 729 772 901 840; x_wconf 84' lang='lat' dir='ltr'><strong>bella</strong></span> <span class='ocrx_word' id='word_1_14' title='bbox 916 823 938 853; x_wconf 91' lang='lat'><em>,</em></span> <span class='ocrx_word' id='word_1_15' title='bbox 993 797 1161 859; x_wconf 89' lang='lat' dir='ltr'><strong>quae</strong></span> <span class='ocrx_word' id='word_1_16' title='bbox 1213 776 1524 841; x_wconf 84' lang='lat' dir='ltr'><strong>continuo</strong></span> <span class='ocrx_word' id='word_1_17' title='bbox 1568 799 1682 862; x_wconf 85' lang='lat' dir='ltr'><strong>per</strong></span> <span class='ocrx_word' id='word_1_18' title='bbox 1740 789 2042 865; x_wconf 78' lang='lat' dir='ltr'><strong>quartum</strong></span> <span class='ocrx_word' id='word_1_19' title='bbox 2089 789 2221 854; x_wconf 84' lang='lat' dir='ltr'><strong>iam</strong></span> <span class='ocrx_word' id='word_1_20' title='bbox 2270 794 2576 861; x_wconf 84' lang='lat' dir='ltr'><strong>volumen</strong></span> <span class='ocrx_word' id='word_1_21' title='bbox 2632 820 2749 862; x_wconf 86' lang='lat' dir='ltr'><strong>an-</strong></span> 
     </span>
     <span class='ocr_line' id='line_1_4' title="bbox 285 894 2744 995; baseline 0.011 -40"><span class='ocrx_word' id='word_1_22' title='bbox 285 914 578 976; x_wconf 86' lang='lat' dir='ltr'><strong>numque</strong></span> <span class='ocrx_word' id='word_1_23' title='bbox 601 899 857 960; x_wconf 85' lang='lat' dir='ltr'><strong>sextum</strong></span> <span class='ocrx_word' id='word_1_24' title='bbox 895 900 962 961; x_wconf 88' lang='lat' dir='ltr'><strong>et</strong></span> <span class='ocrx_word' id='word_1_25' title='bbox 998 894 1560 978; x_wconf 83' lang='lat' dir='ltr'><strong>quadragesimum</strong></span> <span class='ocrx_word' id='word_1_26' title='bbox 1601 919 1641 961; x_wconf 87' lang='lat' dir='ltr'><strong>a</strong></span> <span class='ocrx_word' id='word_1_27' title='bbox 1683 898 1783 962; x_wconf 87' lang='lat' dir='ltr'><strong>M.</strong></span> <span class='ocrx_word' id='word_1_28' title='bbox 1807 901 2071 970; x_wconf 85' lang='lat' dir='ltr'><strong>Valerio</strong></span> <span class='ocrx_word' id='word_1_29' title='bbox 2105 907 2187 972; x_wconf 91' lang='lat' dir='ltr'><strong>A.</strong></span> <span class='ocrx_word' id='word_1_30' title='bbox 2222 909 2519 978; x_wconf 86' lang='lat' dir='ltr'><strong>Cornelio</strong></span> <span class='ocrx_word' id='word_1_31' title='bbox 2546 937 2704 980; x_wconf 87' lang='lat' dir='ltr'><strong>coss.</strong></span> <span class='ocrx_word' id='word_1_32' title='bbox 2726 966 2744 995; x_wconf 89' lang='lat'><strong>,</strong></span> 
     </span>
     <span class='ocr_line' id='line_1_5' title="bbox 283 1013 2741 1102; baseline 0.011 -26"><span class='ocrx_word' id='word_1_33' title='bbox 283 1013 402 1096; x_wconf 87' lang='lat' dir='ltr'><strong>qui</strong></span> <span class='ocrx_word' id='word_1_34' title='bbox 450 1013 645 1099; x_wconf 85' lang='lat' dir='ltr'><strong>primi</strong></span> <span class='ocrx_word' id='word_1_35' title='bbox 699 1013 966 1078; x_wconf 84' lang='lat' dir='ltr'><strong>Samnio</strong></span> <span class='ocrx_word' id='word_1_36' title='bbox 1009 1035 1188 1078; x_wconf 85' lang='lat' dir='ltr'><strong>arma</strong></span> <span class='ocrx_word' id='word_1_37' title='bbox 1233 1013 1597 1080; x_wconf 85' lang='lat' dir='ltr'><strong>intulerunt</strong></span> <span class='ocrx_word' id='word_1_38' title='bbox 1618 1063 1639 1092; x_wconf 93' lang='lat'><em>,</em></span> <span class='ocrx_word' id='word_1_39' title='bbox 1687 1017 2003 1100; x_wconf 82' lang='lat' dir='ltr'><strong>agimus”.</strong></span> <span class='ocrx_word' id='word_1_40' title='bbox 2070 1025 2167 1090; x_wconf 88' lang='lat' dir='ltr'><strong>M.</strong></span> <span class='ocrx_word' id='word_1_41' title='bbox 2198 1034 2415 1096; x_wconf 82' lang='lat' dir='ltr'><strong>autem</strong></span> <span class='ocrx_word' id='word_1_42' title='bbox 2444 1033 2741 1102; x_wconf 83' lang='lat' dir='ltr'><strong>Valerius</strong></span> 
     </span>
     <span class='ocr_line' id='line_1_6' title="bbox 287 1132 2745 1234; baseline 0.009 -36"><span class='ocrx_word' id='word_1_43' title='bbox 287 1138 356 1198; x_wconf 87' lang='lat' dir='ltr'><strong>et</strong></span> <span class='ocrx_word' id='word_1_44' title='bbox 385 1133 468 1196; x_wconf 90' lang='lat' dir='ltr'><strong>A.</strong></span> <span class='ocrx_word' id='word_1_45' title='bbox 498 1133 838 1198; x_wconf 86' lang='lat' dir='ltr'><strong>Cornelius</strong></span> <span class='ocrx_word' id='word_1_46' title='bbox 883 1132 1180 1210; x_wconf 78' lang='lat' dir='ltr'><strong>consules</strong></span> <span class='ocrx_word' id='word_1_47' title='bbox 1223 1138 1408 1198; x_wconf 87' lang='lat' dir='ltr'><strong>erant</strong></span> <span class='ocrx_word' id='word_1_48' title='bbox 1445 1156 1503 1200; x_wconf 86' lang='lat' dir='ltr'><strong>a.</strong></span> <span class='ocrx_word' id='word_1_49' title='bbox 1533 1156 1598 1198; x_wconf 98' lang='grc' dir='ltr'><strong>ιι.</strong></span> <span class='ocrx_word' id='word_1_50' title='bbox 1627 1158 1682 1202; x_wconf 95' lang='lat' dir='ltr'><strong>c.</strong></span> <span class='ocrx_word' id='word_1_51' title='bbox 1718 1141 1892 1218; x_wconf 82' lang='lat'><strong>411,-</strong></span> <span class='ocrx_word' id='word_1_52' title='bbox 1938 1165 2183 1224; x_wconf 82' lang='lat' dir='ltr'><strong>annus,</strong></span> <span class='ocrx_word' id='word_1_53' title='bbox 2222 1147 2302 1213; x_wconf 90' lang='lat' dir='ltr'><strong>de</strong></span> <span class='ocrx_word' id='word_1_54' title='bbox 2346 1173 2477 1234; x_wconf 88' lang='lat' dir='ltr'><strong>quo</strong></span> <span class='ocrx_word' id='word_1_55' title='bbox 2521 1153 2745 1222; x_wconf 83' lang='lat' dir='ltr'><strong>Livius</strong></span> 
     </span>
     <span class='ocr_line' id='line_1_7' title="bbox 283 1251 2742 1353; baseline 0.011 -40"><span class='ocrx_word' id='word_1_56' title='bbox 283 1252 425 1334; x_wconf 82' lang='lat' dir='ltr'><strong>agit</strong></span> <span class='ocrx_word' id='word_1_57' title='bbox 467 1252 533 1315; x_wconf 91' lang='lat' dir='ltr'><strong>h.</strong></span> <span class='ocrx_word' id='word_1_58' title='bbox 577 1251 621 1314; x_wconf 94' lang='grc'><strong>1.</strong></span> <span class='ocrx_word' id='word_1_59' title='bbox 642 1299 664 1329; x_wconf 90' lang='grc'>,</span> <span class='ocrx_word' id='word_1_60' title='bbox 703 1251 1002 1339; x_wconf 79' lang='lat' dir='ltr'><strong>consules</strong></span> <span class='ocrx_word' id='word_1_61' title='bbox 1056 1251 1286 1318; x_wconf 86' lang='lat' dir='ltr'><strong>habuit</strong></span> <span class='ocrx_word' id='word_1_62' title='bbox 1334 1253 1418 1319; x_wconf 77' lang='lat' dir='ltr'><strong>Q.</strong></span> <span class='ocrx_word' id='word_1_63' title='bbox 1475 1254 1751 1322; x_wconf 81' lang='lat' dir='ltr'><strong>Fabium</strong></span> <span class='ocrx_word' id='word_1_64' title='bbox 1800 1259 2167 1329; x_wconf 82' lang='lat' dir='ltr'><strong>Maximum</strong></span> <span class='ocrx_word' id='word_1_65' title='bbox 2219 1267 2599 1338; x_wconf 84' lang='lat' dir='ltr'><strong>Rullianum</strong></span> <span class='ocrx_word' id='word_1_66' title='bbox 2644 1277 2707 1339; x_wconf 90' lang='lat' dir='ltr'><strong>V</strong></span> <span class='ocrx_word' id='word_1_67' title='bbox 2722 1324 2742 1353; x_wconf 91' lang='lat'><em>,</em></span> 
     </span>
     <span class='ocr_line' id='line_1_8' title="bbox 275 1370 2743 1478; baseline 0.011 -45"><span class='ocrx_word' id='word_1_68' title='bbox 275 1370 362 1434; x_wconf 88' lang='lat' dir='ltr'><strong>P.</strong></span> <span class='ocrx_word' id='word_1_69' title='bbox 412 1370 692 1436; x_wconf 81' lang='lat' dir='ltr'><strong>Decium</strong></span> <span class='ocrx_word' id='word_1_70' title='bbox 732 1371 992 1436; x_wconf 88' lang='lat' dir='ltr'><strong>Murem</strong></span> <span class='ocrx_word' id='word_1_71' title='bbox 1037 1370 1158 1436; x_wconf 89' lang='lat' dir='ltr'><strong>IV.</strong></span> <span class='ocrx_word' id='word_1_72' title='bbox 1199 1393 1258 1435; x_wconf 85' lang='lat' dir='ltr'><strong>a.</strong></span> <span class='ocrx_word' id='word_1_73' title='bbox 1297 1393 1363 1436; x_wconf 90' lang='lat' dir='ltr'><strong>u.</strong></span> <span class='ocrx_word' id='word_1_74' title='bbox 1407 1394 1463 1438; x_wconf 90' lang='lat' dir='ltr'><strong>c.</strong></span> <span class='ocrx_word' id='word_1_75' title='bbox 1505 1376 1660 1440; x_wconf 86' lang='lat'><strong>459.</strong></span> <span class='ocrx_word' id='word_1_76' title='bbox 1746 1379 2117 1450; x_wconf 83' lang='lat' dir='ltr'><strong>Secundum</strong></span> <span class='ocrx_word' id='word_1_77' title='bbox 2168 1389 2488 1458; x_wconf 86' lang='lat' dir='ltr'><strong>rationem</strong></span> <span class='ocrx_word' id='word_1_78' title='bbox 2542 1395 2743 1478; x_wconf 87' lang='lat' dir='ltr'><strong>igitur</strong></span> 
     </span>
    </p>
   </div>
   <div class='ocr_carea' id='block_1_3' title="bbox 277 1487 2885 1597">
    <p class='ocr_par' dir='ltr' id='par_1_3' title="bbox 277 1487 2885 1597">
     <span class='ocr_line' id='line_1_9' title="bbox 277 1487 2885 1597; baseline 0.01 -45"><span class='ocrx_word' id='word_1_79' title='bbox 277 1489 794 1556; x_wconf 67' lang='lat' dir='ltr'><strong>demonstratam</strong></span> <span class='ocrx_word' id='word_1_80' title='bbox 847 1489 1184 1575; x_wconf 84' lang='lat' dir='ltr'><strong>ponendus</strong></span> <span class='ocrx_word' id='word_1_81' title='bbox 1236 1491 1468 1557; x_wconf 82' lang='lat' dir='ltr'><strong>fuisset</strong></span> <span class='ocrx_word' id='word_1_82' title='bbox 1513 1494 1703 1561; x_wconf 84' lang='lat' dir='ltr'><strong>Livio</strong></span> <span class='ocrx_word' id='word_1_83' title='bbox 1750 1519 1959 1570; x_wconf 72' lang='lat' dir='ltr'><strong>annus</strong></span> <span class='ocrx_word' id='word_1_84' title='bbox 2004 1523 2217 1572; x_wconf 86' lang='lat' dir='ltr'><strong>nonus</strong></span> <span class='ocrx_word' id='word_1_85' title='bbox 2273 1514 2341 1574; x_wconf 90' lang='lat' dir='ltr'><strong>et</strong></span> <span class='ocrx_word' id='word_1_86' title='bbox 2386 1512 2741 1597; x_wconf 84' lang='lat' dir='ltr'><strong>quadrage-</strong></span> <span class='ocrx_word' id='word_1_87' title='bbox 2875 1487 2885 1499; x_wconf 49' lang='grc'><em>’</em></span> 
     </span>
    </p>
   </div>
   <div class='ocr_carea' id='block_1_4' title="bbox 274 1608 2743 3852">
    <p class='ocr_par' dir='ltr' id='par_1_4' title="bbox 277 1608 2741 1945">
     <span class='ocr_line' id='line_1_10' title="bbox 277 1608 2741 1710; baseline 0.01 -38"><span class='ocrx_word' id='word_1_88' title='bbox 277 1609 488 1675; x_wconf 84' lang='lat' dir='ltr'><strong>simus</strong></span> <span class='ocrx_word' id='word_1_89' title='bbox 503 1635 524 1688; x_wconf 79' lang='lat'>3</span> <span class='ocrx_word' id='word_1_90' title='bbox 583 1608 698 1675; x_wconf 86' lang='lat' dir='ltr'><strong>sed</strong></span> <span class='ocrx_word' id='word_1_91' title='bbox 739 1609 1056 1676; x_wconf 80' lang='lat' dir='ltr'><strong>rationem</strong></span> <span class='ocrx_word' id='word_1_92' title='bbox 1111 1633 1264 1694; x_wconf 32' lang='lat' dir='ltr'><strong>non·</strong></span> <span class='ocrx_word' id='word_1_93' title='bbox 1288 1611 1520 1676; x_wconf 78' lang='lat' dir='ltr'><strong>habuit</strong></span> <span class='ocrx_word' id='word_1_94' title='bbox 1559 1634 1881 1682; x_wconf 84' lang='lat' dir='ltr'><strong>annorum</strong></span> <span class='ocrx_word' id='word_1_95' title='bbox 1932 1643 1999 1685; x_wconf 88' lang='lat' dir='ltr'><strong>u.</strong></span> <span class='ocrx_word' id='word_1_96' title='bbox 2042 1643 2099 1686; x_wconf 93' lang='lat' dir='ltr'><strong>c.</strong></span> <span class='ocrx_word' id='word_1_97' title='bbox 2149 1626 2319 1703; x_wconf 84' lang='grc'>430,</span> <span class='ocrx_word' id='word_1_98' title='bbox 2359 1631 2529 1708; x_wconf 87' lang='grc'>445,</span> <span class='ocrx_word' id='word_1_99' title='bbox 2571 1634 2741 1710; x_wconf 87' lang='grc'>453,</span> 
     </span>
     <span class='ocr_line' id='line_1_11' title="bbox 278 1728 2739 1830; baseline 0.009 -37"><span class='ocrx_word' id='word_1_100' title='bbox 278 1729 400 1812; x_wconf 89' lang='lat' dir='ltr'><strong>qui</strong></span> <span class='ocrx_word' id='word_1_101' title='bbox 448 1733 525 1794; x_wconf 87' lang='lat' dir='ltr'><strong>ut</strong></span> <span class='ocrx_word' id='word_1_102' title='bbox 580 1750 662 1795; x_wconf 87' lang='lat' dir='ltr'><strong>ex</strong></span> <span class='ocrx_word' id='word_1_103' title='bbox 704 1728 890 1796; x_wconf 83' lang='lat' dir='ltr'><strong>fastis</strong></span> <span class='ocrx_word' id='word_1_104' title='bbox 945 1736 1210 1816; x_wconf 85' lang='lat' dir='ltr'><strong>apparet</strong></span> <span class='ocrx_word' id='word_1_105' title='bbox 1241 1730 1402 1806; x_wconf 54' lang='lat' dir='ltr'><strong>,sine</strong></span> <span class='ocrx_word' id='word_1_106' title='bbox 1448 1732 1821 1800; x_wconf 84' lang='lat' dir='ltr'><strong>consulibus</strong></span> <span class='ocrx_word' id='word_1_107' title='bbox 1878 1736 2163 1810; x_wconf 85' lang='lat' dir='ltr'><strong>fuerunt.</strong></span> <span class='ocrx_word' id='word_1_108' title='bbox 2256 1744 2491 1830; x_wconf 82' lang='lat' dir='ltr'><strong>Itaque</strong></span> <span class='ocrx_word' id='word_1_109' title='bbox 2543 1751 2739 1816; x_wconf 84' lang='lat' dir='ltr'><strong>etiam</strong></span> 
     </span>
     <span class='ocr_line' id='line_1_12' title="bbox 277 1846 1672 1945; baseline 0.002 -33"><span class='ocrx_word' id='word_1_110' title='bbox 277 1849 345 1912; x_wconf 92' lang='lat' dir='ltr'><strong>h.</strong></span> <span class='ocrx_word' id='word_1_111' title='bbox 376 1848 420 1912; x_wconf 89' lang='lat'><strong>1.</strong></span> <span class='ocrx_word' id='word_1_112' title='bbox 470 1846 638 1914; x_wconf 78' lang='lat' dir='ltr'><strong>ratio</strong></span> <span class='ocrx_word' id='word_1_113' title='bbox 693 1852 996 1914; x_wconf 76' lang='lat' dir='ltr'><strong>constans</strong></span> <span class='ocrx_word' id='word_1_114' title='bbox 1047 1855 1146 1916; x_wconf 86' lang='lat' dir='ltr'><strong>est</strong></span> <span class='ocrx_word' id='word_1_115' title='bbox 1193 1853 1342 1934; x_wconf 76' lang='lat'><strong>¹8⁸).</strong></span> <span class='ocrx_word' id='word_1_116' title='bbox 1668 1941 1672 1945; x_wconf 85' lang='lat'><strong>.</strong></span> 
     </span>
    </p>

    <p class='ocr_par' dir='ltr' id='par_1_5' title="bbox 274 1966 2743 3852">
     <span class='ocr_line' id='line_1_13' title="bbox 370 1966 2743 2059; baseline 0.01 -29"><span class='ocrx_word' id='word_1_117' title='bbox 370 1966 458 2033; x_wconf 89' lang='lat' dir='ltr'><strong>In</strong></span> <span class='ocrx_word' id='word_1_118' title='bbox 512 1967 709 2035; x_wconf 82' lang='lat' dir='ltr'><strong>tertio</strong></span> <span class='ocrx_word' id='word_1_119' title='bbox 751 1967 896 2035; x_wconf 89' lang='lat' dir='ltr'><strong>loco</strong></span> <span class='ocrx_word' id='word_1_120' title='bbox 952 1968 1124 2032; x_wconf 83' lang='lat' dir='ltr'><strong>Livii</strong></span> <span class='ocrx_word' id='word_1_121' title='bbox 1161 1968 1384 2034; x_wconf 92' lang='lat' dir='ltr'><strong>XXX.</strong></span> <span class='ocrx_word' id='word_1_122' title='bbox 1413 1972 1504 2034; x_wconf 88' lang='grc'><strong>44</strong></span> <span class='ocrx_word' id='word_1_123' title='bbox 1525 2015 1546 2047; x_wconf 95' lang='grc'>,</span> <span class='ocrx_word' id='word_1_124' title='bbox 1589 1971 1703 2037; x_wconf 90' lang='lat' dir='ltr'><strong>ubi</strong></span> <span class='ocrx_word' id='word_1_125' title='bbox 1740 1974 2021 2059; x_wconf 87' lang='lat' dir='ltr'><strong>primum</strong></span> <span class='ocrx_word' id='word_1_126' title='bbox 2073 2001 2153 2046; x_wconf 84' lang='lat' dir='ltr'><strong>ex</strong></span> <span class='ocrx_word' id='word_1_127' title='bbox 2199 1983 2317 2054; x_wconf 72' lang='grc'><strong>1.,1.</strong></span> <span class='ocrx_word' id='word_1_128' title='bbox 2365 1985 2484 2048; x_wconf 92' lang='grc'><strong>1.1.</strong></span> <span class='ocrx_word' id='word_1_129' title='bbox 2534 1987 2743 2052; x_wconf 80' lang='lat' dir='ltr'><strong>cardi-</strong></span> 
     </span>
     <span class='ocr_line' id='line_1_14' title="bbox 277 2086 2741 2190; baseline 0.009 -38"><span class='ocrx_word' id='word_1_130' title='bbox 277 2086 458 2152; x_wconf 86' lang='lat' dir='ltr'><strong>nalia</strong></span> <span class='ocrx_word' id='word_1_131' title='bbox 483 2091 862 2165; x_wconf 87' lang='lat' dir='ltr'><strong>occurrunt,</strong></span> <span class='ocrx_word' id='word_1_132' title='bbox 903 2086 1062 2152; x_wconf 83' lang='lat' dir='ltr'><strong>haec</strong></span> <span class='ocrx_word' id='word_1_133' title='bbox 1093 2087 1432 2171; x_wconf 83' lang='lat' dir='ltr'><strong>leguntur:</strong></span> <span class='ocrx_word' id='word_1_134' title='bbox 1481 2091 1735 2156; x_wconf 76' lang='lat' dir='ltr'><strong>nAnnis</strong></span> <span class='ocrx_word' id='word_1_135' title='bbox 1774 2100 1928 2161; x_wconf 85' lang='lat' dir='ltr'><strong>ante</strong></span> <span class='ocrx_word' id='word_1_136' title='bbox 1970 2099 2399 2185; x_wconf 82' lang='lat' dir='ltr'><strong>quadraginta</strong></span> <span class='ocrx_word' id='word_1_137' title='bbox 2430 2127 2555 2190; x_wconf 81' lang='lat' dir='ltr'><strong>pax</strong></span> <span class='ocrx_word' id='word_1_138' title='bbox 2590 2129 2741 2174; x_wconf 89' lang='lat' dir='ltr'><strong>cum</strong></span> 
     </span>
     <span class='ocr_line' id='line_1_15' title="bbox 278 2205 2738 2292; baseline 0.007 -20"><span class='ocrx_word' id='word_1_139' title='bbox 278 2205 918 2290; x_wconf 73' lang='lat' dir='ltr'><strong>Carthaginiensibus</strong></span> <span class='ocrx_word' id='word_1_140' title='bbox 945 2212 1271 2290; x_wconf 84' lang='lat' dir='ltr'><strong>postremo</strong></span> <span class='ocrx_word' id='word_1_141' title='bbox 1300 2208 1471 2274; x_wconf 84' lang='lat' dir='ltr'><strong>facta</strong></span> <span class='ocrx_word' id='word_1_142' title='bbox 1501 2214 1668 2288; x_wconf 85' lang='lat' dir='ltr'><strong>erat,</strong></span> <span class='ocrx_word' id='word_1_143' title='bbox 1711 2213 1794 2279; x_wconf 76' lang='lat' dir='ltr'><strong>Q.</strong></span> <span class='ocrx_word' id='word_1_144' title='bbox 1826 2214 2097 2285; x_wconf 85' lang='lat' dir='ltr'><strong>Lutatio</strong></span> <span class='ocrx_word' id='word_1_145' title='bbox 2134 2219 2217 2282; x_wconf 92' lang='lat' dir='ltr'><strong>A.</strong></span> <span class='ocrx_word' id='word_1_146' title='bbox 2248 2222 2501 2288; x_wconf 86' lang='lat' dir='ltr'><strong>Manlio</strong></span> <span class='ocrx_word' id='word_1_147' title='bbox 2530 2227 2738 2292; x_wconf 77' lang='lat' dir='ltr'><strong>coss.&#39;³</strong></span> 
     </span>
     <span class='ocr_line' id='line_1_16' title="bbox 281 2326 2741 2426; baseline 0.01 -38"><span class='ocrx_word' id='word_1_148' title='bbox 281 2327 325 2389; x_wconf 88' lang='lat' dir='ltr'><strong>i.</strong></span> <span class='ocrx_word' id='word_1_149' title='bbox 359 2347 413 2392; x_wconf 93' lang='lat' dir='ltr'><strong>e.</strong></span> <span class='ocrx_word' id='word_1_150' title='bbox 458 2348 516 2390; x_wconf 85' lang='lat' dir='ltr'><strong>a.</strong></span> <span class='ocrx_word' id='word_1_151' title='bbox 545 2348 611 2390; x_wconf 91' lang='lat' dir='ltr'><strong>u.</strong></span> <span class='ocrx_word' id='word_1_152' title='bbox 641 2346 698 2390; x_wconf 90' lang='lat' dir='ltr'><strong>c.</strong></span> <span class='ocrx_word' id='word_1_153' title='bbox 746 2327 1120 2391; x_wconf 79' lang='lat'>513-553,</span> <span class='ocrx_word' id='word_1_154' title='bbox 1195 2327 1400 2391; x_wconf 88' lang='lat' dir='ltr'><strong>Porro</strong></span> <span class='ocrx_word' id='word_1_155' title='bbox 1450 2326 1753 2396; x_wconf 67' lang='lat' dir='ltr'><strong>abellam</strong></span> <span class='ocrx_word' id='word_1_156' title='bbox 1800 2332 2039 2406; x_wconf 83' lang='lat' dir='ltr'><strong>initum</strong></span> <span class='ocrx_word' id='word_1_157' title='bbox 2094 2339 2281 2405; x_wconf 85' lang='lat' dir='ltr'><strong>annis</strong></span> <span class='ocrx_word' id='word_1_158' title='bbox 2336 2349 2483 2426; x_wconf 87' lang='lat' dir='ltr'><strong>post</strong></span> <span class='ocrx_word' id='word_1_159' title='bbox 2534 2345 2741 2412; x_wconf 85' lang='lat' dir='ltr'><strong>tribus</strong></span> 
     </span>
     <span class='ocr_line' id='line_1_17' title="bbox 279 2443 2740 2549; baseline 0.01 -39"><span class='ocrx_word' id='word_1_160' title='bbox 279 2453 349 2510; x_wconf 86' lang='lat' dir='ltr'><strong>et</strong></span> <span class='ocrx_word' id='word_1_161' title='bbox 389 2444 663 2530; x_wconf 83' lang='lat' dir='ltr'><strong>viginti”</strong></span> <span class='ocrx_word' id='word_1_162' title='bbox 701 2443 746 2510; x_wconf 86' lang='lat' dir='ltr'><strong>i.</strong></span> <span class='ocrx_word' id='word_1_163' title='bbox 788 2467 844 2510; x_wconf 88' lang='lat' dir='ltr'><strong>e.</strong></span> <span class='ocrx_word' id='word_1_164' title='bbox 891 2465 949 2508; x_wconf 82' lang='lat' dir='ltr'><strong>a.</strong></span> <span class='ocrx_word' id='word_1_165' title='bbox 989 2467 1054 2508; x_wconf 89' lang='lat' dir='ltr'><strong>u.</strong></span> <span class='ocrx_word' id='word_1_166' title='bbox 1099 2465 1154 2508; x_wconf 90' lang='lat' dir='ltr'><strong>c.</strong></span> <span class='ocrx_word' id='word_1_167' title='bbox 1202 2447 1578 2512; x_wconf 78' lang='lat'>513-536,</span> <span class='ocrx_word' id='word_1_168' title='bbox 1667 2449 1770 2515; x_wconf 84' lang='lat' dir='ltr'><strong>Ex</strong></span> <span class='ocrx_word' id='word_1_169' title='bbox 1818 2451 1943 2520; x_wconf 90' lang='lat' dir='ltr'><strong>hoc</strong></span> <span class='ocrx_word' id='word_1_170' title='bbox 1990 2454 2137 2523; x_wconf 88' lang='lat' dir='ltr'><strong>loco</strong></span> <span class='ocrx_word' id='word_1_171' title='bbox 2190 2459 2391 2542; x_wconf 76' lang='lat' dir='ltr'><strong>igitur</strong></span> <span class='ocrx_word' id='word_1_172' title='bbox 2442 2473 2740 2549; x_wconf 79' lang='lat' dir='ltr'><strong>apparet,</strong></span> 
     </span>
     <span class='ocr_line' id='line_1_18' title="bbox 278 2561 2738 2660; baseline 0.009 -33"><span class='ocrx_word' id='word_1_173' title='bbox 278 2563 458 2650; x_wconf 87' lang='lat' dir='ltr'><strong>quod</strong></span> <span class='ocrx_word' id='word_1_174' title='bbox 525 2563 718 2630; x_wconf 81' lang='lat' dir='ltr'><strong>etiam</strong></span> <span class='ocrx_word' id='word_1_175' title='bbox 783 2561 1192 2649; x_wconf 86' lang='lat' dir='ltr'><strong>perspicuum</strong></span> <span class='ocrx_word' id='word_1_176' title='bbox 1232 2569 1332 2628; x_wconf 86' lang='lat' dir='ltr'><strong>est</strong></span> <span class='ocrx_word' id='word_1_177' title='bbox 1385 2585 1465 2630; x_wconf 85' lang='lat' dir='ltr'><strong>ex</strong></span> <span class='ocrx_word' id='word_1_178' title='bbox 1519 2566 1693 2632; x_wconf 87' lang='lat' dir='ltr'><strong>Livii</strong></span> <span class='ocrx_word' id='word_1_179' title='bbox 1735 2570 1779 2634; x_wconf 84' lang='lat'><strong>1.</strong></span> <span class='ocrx_word' id='word_1_180' title='bbox 1826 2571 2145 2640; x_wconf 87' lang='lat' dir='ltr'><strong>XXXIV.</strong></span> <span class='ocrx_word' id='word_1_181' title='bbox 2211 2580 2269 2641; x_wconf 91' lang='grc'><strong>1.</strong></span> <span class='ocrx_word' id='word_1_182' title='bbox 2318 2581 2465 2647; x_wconf 91' lang='lat' dir='ltr'><strong>coll.</strong></span> <span class='ocrx_word' id='word_1_183' title='bbox 2516 2586 2596 2660; x_wconf 90' lang='lat'><strong>8,</strong></span> <span class='ocrx_word' id='word_1_184' title='bbox 2666 2586 2738 2648; x_wconf 88' lang='lat' dir='ltr'><strong>in</strong></span> 
     </span>
     <span class='ocr_line' id='line_1_19' title="bbox 283 2667 2738 2787; baseline 0.009 -38"><span class='ocrx_word' id='word_1_185' title='bbox 283 2682 714 2749; x_wconf 82' lang='lat' dir='ltr'><strong>cardinalibus</strong></span> <span class='ocrx_word' id='word_1_186' title='bbox 763 2703 899 2748; x_wconf 89' lang='lat' dir='ltr'><strong>non</strong></span> <span class='ocrx_word' id='word_1_187' title='bbox 935 2681 1271 2748; x_wconf 80' lang='lat' dir='ltr'><strong>numerari·</strong></span> <span class='ocrx_word' id='word_1_188' title='bbox 1307 2704 1424 2769; x_wconf 86' lang='lat' dir='ltr'><strong>pro</strong></span> <span class='ocrx_word' id='word_1_189' title='bbox 1459 2685 1652 2769; x_wconf 86' lang='lat' dir='ltr'><strong>pleno</strong></span> <span class='ocrx_word' id='word_1_190' title='bbox 1695 2667 2043 2777; x_wconf 84' lang='lat' dir='ltr'><strong>utrumque</strong></span> <span class='ocrx_word' id='word_1_191' title='bbox 2071 2716 2353 2777; x_wconf 85' lang='lat' dir='ltr'><strong>annum,</strong></span> <span class='ocrx_word' id='word_1_192' title='bbox 2384 2721 2462 2766; x_wconf 88' lang='lat' dir='ltr'><strong>ex</strong></span> <span class='ocrx_word' id='word_1_193' title='bbox 2500 2723 2629 2787; x_wconf 89' lang='lat' dir='ltr'><strong>quo</strong></span> <span class='ocrx_word' id='word_1_194' title='bbox 2670 2713 2738 2771; x_wconf 88' lang='lat' dir='ltr'><strong>et</strong></span> 
     </span>
     <span class='ocr_line' id='line_1_20' title="bbox 279 2801 2737 2897; baseline 0.009 -29"><span class='ocrx_word' id='word_1_195' title='bbox 279 2804 365 2869; x_wconf 81' lang='lat' dir='ltr'><strong>ad</strong></span> <span class='ocrx_word' id='word_1_196' title='bbox 407 2824 620 2892; x_wconf 91' lang='lat' dir='ltr'><strong>quem.</strong></span> <span class='ocrx_word' id='word_1_197' title='bbox 708 2802 839 2867; x_wconf 90' lang='lat' dir='ltr'><strong>Pro</strong></span> <span class='ocrx_word' id='word_1_198' title='bbox 884 2823 960 2868; x_wconf 92' lang='lat' dir='ltr'><strong>eo</strong></span> <span class='ocrx_word' id='word_1_199' title='bbox 1004 2801 1179 2887; x_wconf 88' lang='lat' dir='ltr'><strong>quod</strong></span> <span class='ocrx_word' id='word_1_200' title='bbox 1221 2824 1375 2867; x_wconf 84' lang='lat' dir='ltr'><strong>mox</strong></span> <span class='ocrx_word' id='word_1_201' title='bbox 1423 2808 1717 2890; x_wconf 82' lang='lat' dir='ltr'><strong>sequitur</strong></span> <span class='ocrx_word' id='word_1_202' title='bbox 1774 2811 2082 2881; x_wconf 82' lang='lat' dir='ltr'><strong>afinitum</strong></span> <span class='ocrx_word' id='word_1_203' title='bbox 2124 2822 2225 2881; x_wconf 83' lang='lat' dir='ltr'><strong>est</strong></span> <span class='ocrx_word' id='word_1_204' title='bbox 2264 2840 2439 2885; x_wconf 86' lang='lat' dir='ltr'><strong>anno</strong></span> <span class='ocrx_word' id='word_1_205' title='bbox 2486 2822 2737 2897; x_wconf 85' lang='lat' dir='ltr'><strong>decimo</strong></span> 
     </span>
     <span class='ocr_line' id='line_1_21' title="bbox 277 2918 2733 3027; baseline 0.007 -38"><span class='ocrx_word' id='word_1_206' title='bbox 277 2920 598 3008; x_wconf 83' lang='lat' dir='ltr'><strong>septimo’&#39;</strong></span> <span class='ocrx_word' id='word_1_207' title='bbox 640 2920 898 3010; x_wconf 89' lang='lat' dir='ltr'><strong>(XVII)</strong></span> <span class='ocrx_word' id='word_1_208' title='bbox 929 2918 1276 3005; x_wconf 85' lang='lat' dir='ltr'><strong>legendum</strong></span> <span class='ocrx_word' id='word_1_209' title='bbox 1321 2927 1450 2987; x_wconf 88' lang='lat' dir='ltr'><strong>est:</strong></span> <span class='ocrx_word' id='word_1_210' title='bbox 1501 2950 1538 2985; x_wconf 88' lang='grc' dir='ltr'><strong>ιι</strong></span> <span class='ocrx_word' id='word_1_211' title='bbox 1559 2948 1734 2994; x_wconf 88' lang='lat' dir='ltr'><strong>anno</strong></span> <span class='ocrx_word' id='word_1_212' title='bbox 1784 2929 2034 2998; x_wconf 86' lang='lat' dir='ltr'><strong>decimo</strong></span> <span class='ocrx_word' id='word_1_213' title='bbox 2074 2938 2345 3014; x_wconf 78' lang='lat' dir='ltr'><strong>octavo”</strong></span> <span class='ocrx_word' id='word_1_214' title='bbox 2395 2938 2733 3027; x_wconf 88' lang='lat' dir='ltr'><strong>(XVIII):</strong></span> 
     </span>
     <span class='ocr_line' id='line_1_22' title="bbox 279 3040 2730 3145; baseline 0.009 -38"><span class='ocrx_word' id='word_1_215' title='bbox 279 3049 422 3107; x_wconf 89' lang='lat' dir='ltr'><strong>tum</strong></span> <span class='ocrx_word' id='word_1_216' title='bbox 488 3047 566 3107; x_wconf 88' lang='lat' dir='ltr'><strong>ut</strong></span> <span class='ocrx_word' id='word_1_217' title='bbox 617 3040 742 3106; x_wconf 92' lang='lat' dir='ltr'><strong>hoc</strong></span> <span class='ocrx_word' id='word_1_218' title='bbox 800 3061 1060 3125; x_wconf 87' lang='lat' dir='ltr'><strong>quoque</strong></span> <span class='ocrx_word' id='word_1_219' title='bbox 1108 3041 1253 3106; x_wconf 84' lang='lat' dir='ltr'><strong>loco</strong></span> <span class='ocrx_word' id='word_1_220' title='bbox 1305 3040 1479 3106; x_wconf 87' lang='lat' dir='ltr'><strong>idem</strong></span> <span class='ocrx_word' id='word_1_221' title='bbox 1534 3044 1907 3113; x_wconf 82' lang='lat' dir='ltr'><strong>observetur</strong></span> <span class='ocrx_word' id='word_1_222' title='bbox 1954 3051 2129 3133; x_wconf 85' lang='lat' dir='ltr'><strong>quod</strong></span> <span class='ocrx_word' id='word_1_223' title='bbox 2171 3072 2363 3140; x_wconf 82' lang='lat' dir='ltr'><strong>supra</strong></span> <span class='ocrx_word' id='word_1_224' title='bbox 2408 3056 2730 3145; x_wconf 79' lang='lat' dir='ltr'><strong>indicavi,</strong></span> 
     </span>
     <span class='ocr_line' id='line_1_23' title="bbox 279 3160 2418 3259; baseline 0.007 -32"><span class='ocrx_word' id='word_1_225' title='bbox 279 3170 420 3227; x_wconf 89' lang='lat' dir='ltr'><strong>tum</strong></span> <span class='ocrx_word' id='word_1_226' title='bbox 466 3166 544 3227; x_wconf 87' lang='lat' dir='ltr'><strong>ut</strong></span> <span class='ocrx_word' id='word_1_227' title='bbox 589 3160 814 3226; x_wconf 86' lang='lat' dir='ltr'><strong>Livius</strong></span> <span class='ocrx_word' id='word_1_228' title='bbox 863 3160 1374 3245; x_wconf 81' lang='lat' dir='ltr'><strong>magistellorum</strong></span> <span class='ocrx_word' id='word_1_229' title='bbox 1413 3162 1575 3229; x_wconf 82' lang='lat' dir='ltr'><strong>vitio</strong></span> <span class='ocrx_word' id='word_1_230' title='bbox 1620 3164 1932 3233; x_wconf 84' lang='lat' dir='ltr'><strong>liberetur</strong></span> <span class='ocrx_word' id='word_1_231' title='bbox 1938 3194 1959 3249; x_wconf 79' lang='lat'>3</span> <span class='ocrx_word' id='word_1_232' title='bbox 2016 3193 2169 3236; x_wconf 87' lang='lat' dir='ltr'><strong>nam</strong></span> <span class='ocrx_word' id='word_1_233' title='bbox 2217 3197 2418 3259; x_wconf 88' lang='lat' dir='ltr'><strong>quum</strong></span> 
     </span>
     <span class='ocr_line' id='line_1_24' title="bbox 277 3279 2725 3378; baseline 0.008 -31"><span class='ocrx_word' id='word_1_234' title='bbox 277 3282 360 3347; x_wconf 81' lang='lat' dir='ltr'><strong>ad</strong></span> <span class='ocrx_word' id='word_1_235' title='bbox 377 3305 518 3347; x_wconf 86' lang='lat' dir='ltr'><strong>a..u.</strong></span> <span class='ocrx_word' id='word_1_236' title='bbox 533 3304 588 3347; x_wconf 90' lang='lat' dir='ltr'><strong>c.</strong></span> <span class='ocrx_word' id='word_1_237' title='bbox 607 3283 738 3347; x_wconf 86' lang='lat'><strong>539</strong></span> <span class='ocrx_word' id='word_1_238' title='bbox 751 3279 992 3347; x_wconf 82' lang='lat' dir='ltr'><strong>scribat</strong></span> <span class='ocrx_word' id='word_1_239' title='bbox 1011 3280 1234 3345; x_wconf 85' lang='lat' dir='ltr'><strong>Livius</strong></span> <span class='ocrx_word' id='word_1_240' title='bbox 1259 3289 1278 3327; x_wconf 82' lang='lat'>²</span> <span class='ocrx_word' id='word_1_241' title='bbox 1292 3279 1408 3368; x_wconf 79' lang='lat'><strong>8⁹):</strong></span> <span class='ocrx_word' id='word_1_242' title='bbox 1443 3284 1853 3350; x_wconf 72' lang='lat' dir='ltr'><strong>acircumacto</strong></span> <span class='ocrx_word' id='word_1_243' title='bbox 1866 3290 2043 3353; x_wconf 77' lang='lat' dir='ltr'><strong>tertio</strong></span> <span class='ocrx_word' id='word_1_244' title='bbox 2062 3312 2235 3359; x_wconf 88' lang='lat' dir='ltr'><strong>anno</strong></span> <span class='ocrx_word' id='word_1_245' title='bbox 2255 3294 2409 3361; x_wconf 89' lang='lat' dir='ltr'><strong>belli</strong></span> <span class='ocrx_word' id='word_1_246' title='bbox 2426 3298 2725 3378; x_wconf 89' lang='lat' dir='ltr'><strong>Punici,”</strong></span> 
     </span>
     <span class='ocr_line' id='line_1_25' title="bbox 277 3401 2342 3499; baseline 0.006 -32"><span class='ocrx_word' id='word_1_247' title='bbox 277 3402 360 3467; x_wconf 79' lang='lat' dir='ltr'><strong>ad</strong></span> <span class='ocrx_word' id='word_1_248' title='bbox 413 3424 471 3466; x_wconf 86' lang='lat' dir='ltr'><strong>a.</strong></span> <span class='ocrx_word' id='word_1_249' title='bbox 533 3403 666 3465; x_wconf 84' lang='grc'>540</span> <span class='ocrx_word' id='word_1_250' title='bbox 713 3427 748 3460; x_wconf 90' lang='grc' dir='ltr'><strong>ιι</strong></span> <span class='ocrx_word' id='word_1_251' title='bbox 769 3404 975 3485; x_wconf 78' lang='lat' dir='ltr'><strong>quinto</strong></span> <span class='ocrx_word' id='word_1_252' title='bbox 1021 3423 1193 3467; x_wconf 88' lang='lat' dir='ltr'><strong>anno</strong></span> <span class='ocrx_word' id='word_1_253' title='bbox 1242 3401 1396 3467; x_wconf 85' lang='lat' dir='ltr'><strong>belli</strong></span> <span class='ocrx_word' id='word_1_254' title='bbox 1441 3403 1676 3469; x_wconf 87' lang='lat' dir='ltr'><strong>Punici</strong></span> <span class='ocrx_word' id='word_1_255' title='bbox 1732 3407 1810 3470; x_wconf 96' lang='lat' dir='ltr'><strong>II</strong></span> <span class='ocrx_word' id='word_1_256' title='bbox 1864 3407 2144 3477; x_wconf 87' lang='lat' dir='ltr'><strong>habeat”</strong></span> <span class='ocrx_word' id='word_1_257' title='bbox 2178 3416 2342 3499; x_wconf 80' lang='lat'>¹⁹⁰);</span> 
     </span>
     <span class='ocr_line' id='line_1_26' title="bbox 276 3521 2032 3611; baseline 0.004 -26"><span class='ocrx_word' id='word_1_258' title='bbox 276 3522 357 3585; x_wconf 85' lang='lat' dir='ltr'><strong>ad</strong></span> <span class='ocrx_word' id='word_1_259' title='bbox 413 3544 471 3587; x_wconf 87' lang='lat' dir='ltr'><strong>a.</strong></span> <span class='ocrx_word' id='word_1_260' title='bbox 532 3523 663 3586; x_wconf 85' lang='grc'>546</span> <span class='ocrx_word' id='word_1_261' title='bbox 711 3547 746 3581; x_wconf 94' lang='grc' dir='ltr'><strong>ιι</strong></span> <span class='ocrx_word' id='word_1_262' title='bbox 763 3521 1076 3585; x_wconf 76' lang='lat' dir='ltr'><strong>undecimo</strong></span> <span class='ocrx_word' id='word_1_263' title='bbox 1123 3542 1297 3587; x_wconf 89' lang='lat' dir='ltr'><strong>anno</strong></span> <span class='ocrx_word' id='word_1_264' title='bbox 1342 3523 1575 3589; x_wconf 88' lang='lat' dir='ltr'><strong>Punici</strong></span> <span class='ocrx_word' id='word_1_265' title='bbox 1619 3524 1819 3590; x_wconf 85' lang='lat' dir='ltr'><strong>belli”</strong></span> <span class='ocrx_word' id='word_1_266' title='bbox 1864 3529 2032 3611; x_wconf 77' lang='lat'><strong>¹⁹¹);</strong></span> 
     </span>
     <span class='ocr_line' id='line_1_27' title="bbox 277 3641 2165 3734; baseline 0.001 -26"><span class='ocrx_word' id='word_1_267' title='bbox 277 3643 358 3709; x_wconf 83' lang='lat' dir='ltr'><strong>ad.</strong></span> <span class='ocrx_word' id='word_1_268' title='bbox 411 3666 470 3707; x_wconf 86' lang='lat' dir='ltr'><strong>a.</strong></span> <span class='ocrx_word' id='word_1_269' title='bbox 530 3645 661 3707; x_wconf 81' lang='grc'>548</span> <span class='ocrx_word' id='word_1_270' title='bbox 709 3668 744 3703; x_wconf 93' lang='grc' dir='ltr'><strong>ιι</strong></span> <span class='ocrx_word' id='word_1_271' title='bbox 757 3643 936 3707; x_wconf 76' lang='lat' dir='ltr'><strong>tertio</strong></span> <span class='ocrx_word' id='word_1_272' title='bbox 979 3641 1228 3707; x_wconf 85' lang='lat' dir='ltr'><strong>decimo</strong></span> <span class='ocrx_word' id='word_1_273' title='bbox 1271 3664 1442 3707; x_wconf 89' lang='lat' dir='ltr'><strong>anno</strong></span> <span class='ocrx_word' id='word_1_274' title='bbox 1486 3642 1721 3708; x_wconf 90' lang='lat' dir='ltr'><strong>Punici</strong></span> <span class='ocrx_word' id='word_1_275' title='bbox 1763 3644 1963 3710; x_wconf 74' lang='lat' dir='ltr'><strong>belli’2</strong></span> <span class='ocrx_word' id='word_1_276' title='bbox 2005 3646 2127 3734; x_wconf 77' lang='lat'>¹⁹²)</span> <span class='ocrx_word' id='word_1_277' title='bbox 2144 3673 2165 3726; x_wconf 86' lang='lat'><strong>‚-</strong></span> 
     </span>
     <span class='ocr_line' id='line_1_28' title="bbox 274 3760 2324 3852; baseline 0.001 -25"><span class='ocrx_word' id='word_1_278' title='bbox 274 3764 358 3828; x_wconf 84' lang='lat' dir='ltr'><strong>ad</strong></span> <span class='ocrx_word' id='word_1_279' title='bbox 409 3787 466 3829; x_wconf 83' lang='lat' dir='ltr'><strong>a.</strong></span> <span class='ocrx_word' id='word_1_280' title='bbox 526 3766 660 3829; x_wconf 87' lang='grc'><strong>549</strong></span> <span class='ocrx_word' id='word_1_281' title='bbox 709 3790 744 3823; x_wconf 89' lang='grc' dir='ltr'><strong>ιι</strong></span> <span class='ocrx_word' id='word_1_282' title='bbox 765 3766 982 3846; x_wconf 81' lang='lat' dir='ltr'><strong>quarto</strong></span> <span class='ocrx_word' id='word_1_283' title='bbox 1027 3760 1275 3827; x_wconf 87' lang='lat' dir='ltr'><strong>decimo</strong></span> <span class='ocrx_word' id='word_1_284' title='bbox 1320 3782 1492 3828; x_wconf 87' lang='lat' dir='ltr'><strong>anno</strong></span> <span class='ocrx_word' id='word_1_285' title='bbox 1537 3763 1771 3828; x_wconf 89' lang='lat' dir='ltr'><strong>Punici</strong></span> <span class='ocrx_word' id='word_1_286' title='bbox 1815 3763 2013 3845; x_wconf 55' lang='lat' dir='ltr'><strong>belli?</strong></span> <span class='ocrx_word' id='word_1_287' title='bbox 2062 3774 2081 3813; x_wconf 88' lang='lat'><strong>¹</strong></span> <span class='ocrx_word' id='word_1_288' title='bbox 2098 3764 2230 3852; x_wconf 79' lang='lat'><strong>⁹³),·</strong></span> <span class='ocrx_word' id='word_1_289' title='bbox 2318 3790 2324 3797; x_wconf 92' lang='lat'>·</span> 
     </span>
    </p>
   </div>
   <div class='ocr_carea' id='block_1_5' title="bbox 279 3990 789 4005">
    <p class='ocr_par' dir='ltr' id='par_1_6' title="bbox 279 3990 789 4005">
     <span class='ocr_line' id='line_1_29' title="bbox 279 3990 789 4005; baseline 0 0"><span class='ocrx_word' id='word_1_290' title='bbox 279 3990 789 4005; x_wconf 95' lang='lat' dir='ltr'><strong> </strong></span> 
     </span>
    </p>
   </div>
   <div class='ocr_carea' id='block_1_6' title="bbox 255 4142 2723 4800">
    <p class='ocr_par' dir='ltr' id='par_1_7' title="bbox 255 4142 2723 4392">
     <span class='ocr_line' id='line_1_30' title="bbox 325 4142 2723 4221; baseline 0.004 -24"><span class='ocrx_word' id='word_1_291' title='bbox 325 4142 407 4213; x_wconf 70' lang='grc'><strong>188)</strong></span> <span class='ocrx_word' id='word_1_292' title='bbox 439 4146 676 4207; x_wconf 85' lang='lat' dir='ltr'><strong>Fischer,</strong></span> <span class='ocrx_word' id='word_1_293' title='bbox 724 4162 803 4210; x_wconf 90' lang='lat' dir='ltr'><strong>op.</strong></span> <span class='ocrx_word' id='word_1_294' title='bbox 839 4145 875 4195; x_wconf 94' lang='lat'><strong>1.</strong></span> <span class='ocrx_word' id='word_1_295' title='bbox 913 4148 977 4195; x_wconf 84' lang='lat' dir='ltr'><strong>ad</strong></span> <span class='ocrx_word' id='word_1_296' title='bbox 1011 4162 1057 4196; x_wconf 84' lang='lat' dir='ltr'><strong>a.</strong></span> <span class='ocrx_word' id='word_1_297' title='bbox 1087 4164 1138 4197; x_wconf 86' lang='lat' dir='ltr'><strong>u.</strong></span> <span class='ocrx_word' id='word_1_298' title='bbox 1168 4163 1211 4197; x_wconf 91' lang='lat' dir='ltr'><strong>c.</strong></span> <span class='ocrx_word' id='word_1_299' title='bbox 1250 4152 1347 4197; x_wconf 83' lang='lat'><strong>459</strong></span> <span class='ocrx_word' id='word_1_300' title='bbox 1397 4147 1547 4198; x_wconf 84' lang='lat' dir='ltr'><strong>etiam</strong></span> <span class='ocrx_word' id='word_1_301' title='bbox 1593 4148 1646 4197; x_wconf 91' lang='lat' dir='ltr'><strong>in</strong></span> <span class='ocrx_word' id='word_1_302' title='bbox 1689 4160 1907 4197; x_wconf 85' lang='lat' dir='ltr'><strong>errorem</strong></span> <span class='ocrx_word' id='word_1_303' title='bbox 1942 4148 2171 4201; x_wconf 79' lang='lat' dir='ltr'><strong>inductus</strong></span> <span class='ocrx_word' id='word_1_304' title='bbox 2204 4160 2305 4215; x_wconf 79' lang='lat' dir='ltr'><strong>est,</strong></span> <span class='ocrx_word' id='word_1_305' title='bbox 2355 4156 2442 4219; x_wconf 88' lang='lat' dir='ltr'><strong>qui</strong></span> <span class='ocrx_word' id='word_1_306' title='bbox 2476 4157 2599 4205; x_wconf 85' lang='lat' dir='ltr'><strong>duos</strong></span> <span class='ocrx_word' id='word_1_307' title='bbox 2632 4173 2723 4221; x_wconf 86' lang='lat' dir='ltr'><strong>pro</strong></span> 
     </span>
     <span class='ocr_line' id='line_1_31' title="bbox 259 4229 2715 4299; baseline 0.005 -22"><span class='ocrx_word' id='word_1_308' title='bbox 259 4229 410 4281; x_wconf 78' lang='lat' dir='ltr'><strong>tribus</strong></span> <span class='ocrx_word' id='word_1_309' title='bbox 436 4233 583 4283; x_wconf 84' lang='lat' dir='ltr'><strong>annis</strong></span> <span class='ocrx_word' id='word_1_310' title='bbox 611 4244 908 4290; x_wconf 86' lang='lat' dir='ltr'><strong>numerans,</strong></span> <span class='ocrx_word' id='word_1_311' title='bbox 941 4231 1122 4295; x_wconf 85' lang='lat' dir='ltr'><strong>quibus</strong></span> <span class='ocrx_word' id='word_1_312' title='bbox 1139 4231 1366 4282; x_wconf 85' lang='lat' dir='ltr'><strong>consules</strong></span> <span class='ocrx_word' id='word_1_313' title='bbox 1383 4247 1486 4282; x_wconf 85' lang='lat' dir='ltr'><strong>non</strong></span> <span class='ocrx_word' id='word_1_314' title='bbox 1516 4232 1701 4282; x_wconf 83' lang='lat' dir='ltr'><strong>fuerint</strong></span> <span class='ocrx_word' id='word_1_315' title='bbox 1714 4269 1729 4291; x_wconf 89' lang='lat'>,</span> <span class='ocrx_word' id='word_1_316' title='bbox 1765 4232 1930 4283; x_wconf 83' lang='lat' dir='ltr'><strong>scribit</strong></span> <span class='ocrx_word' id='word_1_317' title='bbox 1957 4232 2161 4283; x_wconf 76' lang='lat' dir='ltr'><strong>LIvium</strong></span> <span class='ocrx_word' id='word_1_318' title='bbox 2196 4237 2292 4286; x_wconf 81' lang='lat' dir='ltr'><strong>sibi</strong></span> <span class='ocrx_word' id='word_1_319' title='bbox 2324 4247 2579 4299; x_wconf 63' lang='lat' dir='ltr'><strong>constan-03</strong></span> <span class='ocrx_word' id='word_1_320' title='bbox 2618 4247 2715 4291; x_wconf 86' lang='lat'><strong>411</strong></span> 
     </span>
     <span class='ocr_line' id='line_1_32' title="bbox 255 4313 2715 4392; baseline 0.007 -31"><span class='ocrx_word' id='word_1_321' title='bbox 255 4313 390 4364; x_wconf 81' lang='lat' dir='ltr'><strong>enim</strong></span> <span class='ocrx_word' id='word_1_322' title='bbox 428 4319 483 4376; x_wconf 69' lang='lat'><strong>4-</strong></span> <span class='ocrx_word' id='word_1_323' title='bbox 509 4319 574 4366; x_wconf 86' lang='grc'><strong>36</strong></span> <span class='ocrx_word' id='word_1_324' title='bbox 614 4320 669 4377; x_wconf 78' lang='lat'>÷</span> <span class='ocrx_word' id='word_1_325' title='bbox 695 4321 725 4365; x_wconf 84' lang='lat'><strong>2</strong></span> <span class='ocrx_word' id='word_1_326' title='bbox 763 4318 952 4367; x_wconf 85' lang='lat' dir='ltr'><strong>efficere</strong></span> <span class='ocrx_word' id='word_1_327' title='bbox 989 4322 1104 4367; x_wconf 83' lang='lat'><strong>459.</strong></span> <span class='ocrx_word' id='word_1_328' title='bbox 1177 4319 1370 4371; x_wconf 85' lang='lat' dir='ltr'><strong>Verum</strong></span> <span class='ocrx_word' id='word_1_329' title='bbox 1406 4318 1634 4381; x_wconf 79' lang='lat' dir='ltr'><strong>vidisset,</strong></span> <span class='ocrx_word' id='word_1_330' title='bbox 1664 4318 1933 4392; x_wconf 82' lang='lat' dir='ltr'><strong>siannum</strong></span> <span class='ocrx_word' id='word_1_331' title='bbox 1968 4319 2170 4371; x_wconf 81' lang='lat' dir='ltr'><strong>tertium</strong></span> <span class='ocrx_word' id='word_1_332' title='bbox 2202 4336 2401 4387; x_wconf 88' lang='lat' dir='ltr'><strong>quoque</strong></span> <span class='ocrx_word' id='word_1_333' title='bbox 2435 4325 2715 4377; x_wconf 80' lang='lat' dir='ltr'><strong>addidisset.</strong></span> 
     </span>
    </p>

    <p class='ocr_par' dir='ltr' id='par_1_8' title="bbox 290 4397 921 4468">
     <span class='ocr_line' id='line_1_33' title="bbox 290 4397 921 4468; baseline -0.003 -16"><span class='ocrx_word' id='word_1_334' title='bbox 290 4435 292 4437; x_wconf 29' lang='lat' dir='ltr'>v</span> <span class='ocrx_word' id='word_1_335' title='bbox 322 4397 405 4468; x_wconf 80' lang='lat'>¹⁸⁹)</span> <span class='ocrx_word' id='word_1_336' title='bbox 435 4403 552 4453; x_wconf 84' lang='lat' dir='ltr'><strong>Liv.</strong></span> <span class='ocrx_word' id='word_1_337' title='bbox 587 4401 798 4453; x_wconf 90' lang='lat' dir='ltr'><strong>XXIII.</strong></span> <span class='ocrx_word' id='word_1_338' title='bbox 835 4407 921 4453; x_wconf 87' lang='grc'><strong>30.</strong></span> 
     </span>
    </p>

    <p class='ocr_par' dir='ltr' id='par_1_9' title="bbox 316 4480 893 4550">
     <span class='ocr_line' id='line_1_34' title="bbox 316 4480 893 4550; baseline 0 -15"><span class='ocrx_word' id='word_1_339' title='bbox 316 4480 399 4550; x_wconf 72' lang='grc'><strong>190)</strong></span> <span class='ocrx_word' id='word_1_340' title='bbox 430 4487 561 4537; x_wconf 88' lang='lat' dir='ltr'><strong>Ibid.</strong></span> <span class='ocrx_word' id='word_1_341' title='bbox 597 4486 806 4537; x_wconf 87' lang='lat' dir='ltr'><strong>XXIV.</strong></span> <span class='ocrx_word' id='word_1_342' title='bbox 845 4491 893 4538; x_wconf 85' lang='grc'><strong>9.</strong></span> 
     </span>
    </p>

    <p class='ocr_par' dir='ltr' id='par_1_10' title="bbox 314 4563 950 4631">
     <span class='ocr_line' id='line_1_35' title="bbox 314 4563 950 4631; baseline 0 -11"><span class='ocrx_word' id='word_1_343' title='bbox 314 4563 393 4631; x_wconf 83' lang='lat'>¹9¹)</span> <span class='ocrx_word' id='word_1_344' title='bbox 427 4571 558 4621; x_wconf 82' lang='lat' dir='ltr'><strong>Ibid.</strong></span> <span class='ocrx_word' id='word_1_345' title='bbox 592 4570 832 4622; x_wconf 91' lang='lat' dir='ltr'><strong>XXVII.</strong></span> <span class='ocrx_word' id='word_1_346' title='bbox 868 4574 950 4620; x_wconf 85' lang='lat'><strong>22.</strong></span> 
     </span>
    </p>

    <p class='ocr_par' dir='ltr' id='par_1_11' title="bbox 313 4646 1113 4716">
     <span class='ocr_line' id='line_1_36' title="bbox 313 4646 1113 4716; baseline 0 -14"><span class='ocrx_word' id='word_1_347' title='bbox 313 4646 394 4715; x_wconf 80' lang='lat'><strong>¹⁹2)</strong></span> <span class='ocrx_word' id='word_1_348' title='bbox 428 4654 557 4705; x_wconf 78' lang='lat' dir='ltr'><strong>Ibid.</strong></span> <span class='ocrx_word' id='word_1_349' title='bbox 595 4654 864 4706; x_wconf 88' lang='lat' dir='ltr'><strong>XXVIII.</strong></span> <span class='ocrx_word' id='word_1_350' title='bbox 903 4661 994 4716; x_wconf 87' lang='lat'><strong>10,</strong></span> <span class='ocrx_word' id='word_1_351' title='bbox 1037 4658 1113 4704; x_wconf 81' lang='lat'><strong>16.</strong></span> 
     </span>
    </p>

    <p class='ocr_par' dir='ltr' id='par_1_12' title="bbox 313 4730 978 4800">
     <span class='ocr_line' id='line_1_37' title="bbox 313 4730 978 4800; baseline 0.003 -13"><span class='ocrx_word' id='word_1_352' title='bbox 313 4730 394 4800; x_wconf 76' lang='lat'>¹⁹3)</span> <span class='ocrx_word' id='word_1_353' title='bbox 428 4737 554 4789; x_wconf 87' lang='lat' dir='ltr'><strong>Ibid.</strong></span> <span class='ocrx_word' id='word_1_354' title='bbox 592 4740 858 4791; x_wconf 89' lang='lat' dir='ltr'><strong>XXVIII.</strong></span> <span class='ocrx_word' id='word_1_355' title='bbox 896 4744 978 4789; x_wconf 85' lang='lat'><strong>38.</strong></span> 
     </span>
    </p>
   </div>
  </div>
 </body>
</html>
