3375 5500
1144 1521 1882 1604 PRAEFATIO.

375 2301 448 2364 Si
491 2301 890 2364 auctoritates
915 2302 1190 2366 virorum
1229 2301 1540 2364 doctorum
1581 2303 1648 2365 in
1693 2321 1825 2364 mea
1854 2319 2041 2364 causa
2081 2301 2313 2377 valent,
2358 2321 2398 2362 a
2440 2302 2753 2384 spectatis-

277 2453 448 2514 simis
495 2452 822 2535 philoloyis
875 2451 1130 2514 laudata
1183 2457 1271 2514 est
1315 2453 1514 2514 oratio
1543 2453 1761 2534 prima
1816 2453 1885 2515 in
1932 2452 2262 2515 Catilinam
2281 2479 2300 2514 .·
2348 2452 2403 2514 si
2444 2451 2753 2534 opiniones

271 2620 516 2678 eorum,
570 2602 676 2684 qui
715 2621 836 2664 non
879 2601 951 2664 id
993 2606 1181 2684 ayunt
1196 2649 1218 2679 ,
1277 2607 1346 2664 ut
1403 2606 1531 2664 tota
1572 2606 1763 2665 mente
1820 2603 2098 2684 omnique
2153 2602 2347 2664 animi
2400 2603 2627 2682 impetu
2669 2602 2736 2661 in

281 2751 429 2813 haec
483 2747 690 2813 studia
745 2749 1094 2813 incumbant
1107 2798 1128 2827 ,
1185 2751 1343 2814 nibil
1385 2751 1536 2832 fere
1588 2754 1706 2814 hac
1760 2752 2030 2813 oratione
2093 2753 2180 2812 est
2246 2749 2605 2832 exquisitius
2657 2747 2756 2811 vel

283 2900 480 2983 mayis
534 2898 890 2963 absolutum.
934 2938 1026 2951 —
1082 2900 1250 2973 Quid
1288 2902 1528 2983 igitur?
1598 2900 1813 2983 Egone
1858 2900 2107 2963 iuvenili
2134 2899 2396 2980 fervore
2438 2897 2536 2971 vel
2574 2886 2751 2959 arr02

271 3049 488 3131 ‚cantia
501 3094 523 3125 ‚
567 3048 634 3111 in
677 3050 794 3112 hac
840 3069 908 3111 re
951 3053 1078 3111 tam
1115 3067 1416 3132 praeceps
1457 3068 1531 3112 ac
1577 3050 1820 3127 devius,
1862 3053 1930 3111 ut
1957 3050 2107 3130 plus
2150 3068 2244 3111 me
2286 3047 2500 3109 ceteris
2544 3044 2753 3109 videre

269 3204 478 3282 putem
497 3206 531 3262 ?
592 3218 740 3263 eane
807 3199 881 3262 de
951 3217 1137 3262 causa
1199 3199 1483 3263 dissentio
1547 3199 1626 3263 ab
1683 3204 1771 3263 tot
1832 3199 2133 3282 tantisque
2198 3199 2355 3262 viris
2414 3202 2480 3261 ut
2499 3245 2521 3275 ‚
2592 3196 2757 3279 quod

280 3349 505 3412 mirum
552 3349 759 3411 multis
805 3348 1044 3413 accidat
1058 3397 1078 3427 ,
1124 3350 1191 3413 in
1236 3350 1428 3413 lucem
1463 3350 1798 3433 proferam
1813 3398 1835 3427 ,
1879 3354 1938 3412 et
1982 3349 2059 3411 H
2054 3349 2307 3413 arduini
2356 3368 2534 3411 coner
2579 3366 2753 3409 reno-

215 3534 232 3559 .
277 3516 424 3559 vare
492 3499 830 3579 eoeemplum
847 3504 880 3561 ,9
997 3498 1183 3563 Nihil
1253 3500 1470 3563 minus.
1593 3500 1857 3581 Saepius
1937 3499 2107 3581 operi
2194 3499 2457 3561 intentus
2472 3544 2494 3575 ‚
2565 3516 2753 3581 quum

278 3646 672 3730 Madviqium
686 3696 709 3727 ‚
765 3650 1032 3735 aliosque
1083 3650 1490 3714 dissentientes
1533 3672 1573 3713 a
1624 3668 1719 3713 me
1764 3649 2075 3726 videbam,
2135 3669 2381 3711 manum
2431 3646 2505 3709 de
2545 3644 2756 3706 tabula
2813 3630 2821 3637 ⁸

279 3796 488 3859 tollere
515 3799 716 3876 volui3
757 3800 1000 3881 saepius
1025 3800 1176 3862 mihi
1217 3802 1368 3861 haec
1405 3800 1611 3884 Wolfii
1639 3800 1829 3863 verba
1852 3798 2324 3863 obversabantur
2338 3825 2359 3860 .-
2410 3794 2757 3875 nimprimis

279 3946 488 4013 odiosa
535 3928 684 4011 solet
752 3968 878 4011 esse
923 3969 1132 4013 eorum
1187 3949 1448 4013 conditio
1464 3997 1486 4027 ‚
1549 3950 1654 4033 qui
1706 3971 1777 4013 ea
1829 3950 2063 4033 scripta
2079 3998 2101 4028 ‚
2172 3967 2328 4034 quae
2374 3943 2454 4009 ab
2495 3943 2755 4007 eruditis

277 4114 511 4179 semper
553 4096 814 4179 probata
853 4104 1030 4161 erant
1048 4146 1070 4177 ‚
1113 4103 1292 4183 atque
1336 4100 1486 4163 adeo
1522 4055 1900 4163 saeculorum
1928 4102 2415 4184 praescriptione
2438 4099 2506 4162 in
2538 4096 2755 4179 prima

279 4248 468 4311 classe
510 4250 706 4311 locum
761 4254 1130 4332 occuparant
1144 4298 1166 4328 ,
1212 4251 1460 4314 creditis
1515 4250 1865 4314 auctoribus
1923 4251 2179 4335 indigna
2224 4255 2282 4314 et
2329 4250 2455 4311 loco
2491 4260 2753 4306 summo-

276 4398 470 4461 venda
514 4399 790 4464 iudicant
801 4400 879 4479 ,''·
913 4406 971 4464 et
1012 4422 1132 4465 non
1173 4404 1355 4466 semel
1398 4403 1580 4466 telam
1628 4404 1898 4465 retea’ere
1912 4447 1934 4477 ,
1981 4400 2145 4485 quod
2193 4398 2488 4478 Penelope
2517 4391 2753 4475 secisse

282 4546 509 4612 dicitur
519 4597 541 4628 ‚
594 4550 661 4613 in
721 4552 989 4616 animum
1038 4552 1258 4615 induxi
1272 4601 1290 4630 ‚
1354 4558 1411 4617 et
1457 4572 1674 4617 novam
1726 4550 2030 4613 scribendi
2079 4566 2370 4633 quaerere
2417 4541 2747 4607 materiem.

286 4700 489 4773 Quum
540 4722 680 4765 vero
696 4750 716 4781 ‚
775 4724 891 4786 quo
934 4703 1282 4787 diliyentius
1328 4706 1658 4769 orationem
1697 4702 1973 4785 primam
2012 4702 2443 4783 perscrutarer
2497 4710 2751 4775 cumque
