3375 5500
1422 451 1508 512 29

221 665 458 740 timeri
477 721 498 751 ‚
563 659 834 734 nullum
885 658 1100 732 videri
1145 663 1380 732 contra
1435 681 1549 730 me
1597 656 1960 730 consilium
2000 657 2160 732 iniri
2209 684 2445 757 posse,
2499 666 2688 760 quod

225 823 268 870 a
317 801 448 866 tuo
489 789 740 866 scelere
782 787 1180 874 abhorreat,
1229 811 1368 860 non
1413 792 1520 860 est
1555 785 1938 860 ferendum.
2020 787 2495 865 Quamobrem
2548 792 2686 866 dis-

225 923 397 997 cede
471 926 680 1018 atque
743 917 930 991 hunc
997 915 1169 990 mihi
1237 916 1556 990 timorem
1617 915 1836 1014 eripe,
1890 915 1949 989 si
1996 923 2103 990 est
2148 941 2383 1006 veruS,
2431 944 2521 993 ne
2563 947 2687 1020 op-

227 1050 488 1150 primar
508 1106 528 1135 ,
599 1045 706 1120 sin
777 1044 992 1119 falsus
1015 1102 1036 1132 ,
1109 1049 1193 1118 ut
1263 1043 1541 1118 tandem
1613 1043 1985 1142 aliquando
2044 1043 2286 1119 timere
2352 1031 2685 1124 desinam.

227 1177 437 1252 VIII.
501 1179 613 1250 19.
698 1173 895 1247 Haec
965 1171 1024 1248 si
1069 1179 1302 1246 tecum
1323 1230 1342 1259 ,
1410 1178 1492 1244 ut
1542 1170 1725 1259 dixi,
1785 1171 2007 1271 patria
2051 1172 2373 1270 loquatur
2392 1234 2411 1263 ,
2458 1200 2689 1251 nonne

229 1306 600 1405 impetrare
641 1301 931 1390 debeat,
973 1300 1243 1376 etiamsi
1275 1299 1414 1374 vim
1453 1299 1781 1376 adhibere
1816 1325 1955 1374 non
1997 1302 2261 1400 possit?
2327 1305 2523 1383 Quid
2551 1306 2651 1400 4⁵)
2667 1366 2688 1395 ‚

234 1434 429 1532 quod
496 1440 579 1505 tu
639 1437 708 1504 te
757 1431 906 1530 ipse
953 1430 1028 1505 in
1085 1429 1471 1506 custodiam
1525 1428 1825 1504 dedisti?
1873 1431 2061 1529 quod
2101 1431 2419 1507 vitandae
2465 1436 2687 1534 suspi-

232 1561 456 1636 cionis
510 1583 716 1634 eausa
755 1558 847 1633 ad
891 1559 994 1633 M.
1044 1557 1391 1657 Lepidum
1441 1565 1512 1631 te
1558 1556 1871 1632 habitare
1913 1559 2082 1633 velle
2132 1559 2415 1635 dixisti?
2466 1587 2507 1636 a
2554 1588 2693 1661 quo

232 1713 377 1764 non
451 1693 770 1785 receptus
831 1687 1040 1761 etiam
1107 1686 1198 1760 ad
1257 1710 1371 1759 me
1419 1685 1648 1759 venire
1701 1709 1911 1760 ausus
1960 1711 2033 1759 es
2079 1693 2327 1785 atque,
2377 1696 2459 1763 ut
2504 1689 2694 1764 domi

237 1843 433 1893 meae
507 1823 576 1890 te
629 1839 1046 1890 asservarem
1065 1872 1085 1903 ,
1152 1813 1432 1916 rogasti.
1537 1816 1783 1891 Quum
1846 1839 1888 1888 a
1936 1839 2047 1888 me
2108 1839 2385 1915 quoque
2430 1816 2507 1891 id
2554 1818 2693 1894 res·

239 1947 440 2047 ponsi
494 1946 588 2037 ⁴⁶)
669 1944 946 2019 tulisses
969 2000 990 2033 ,
1057 1967 1170 2017 me
1236 1941 1430 2016 nullo
1495 1943 1701 2017 modo
1767 1967 1969 2042 posse
2022 1943 2269 2018 iisdem
2317 1944 2697 2048 parietibus

238 2083 394 2150 tuto
441 2098 592 2148 esse
633 2079 866 2147 tecum
889 2131 910 2160 ,
961 2071 1086 2171 qui
1129 2095 1386 2170 magno
1433 2070 1508 2144 in
1555 2071 1859 2170 periculo
1904 2095 2125 2147 essem
2146 2130 2167 2160 ‚
2218 2074 2408 2171 quod
2451 2075 2699 2153 iisdem

241 2203 608 2280 moenibus
675 2201 1186 2276 contineremur
1206 2260 1225 2288 ,
1296 2201 1387 2274 ad
1437 2203 1527 2279 Q.
1576 2201 1942 2275 Metellum
1987 2210 2369 2300 praetorem
2411 2203 2695 2293 venisti,

245 2359 284 2408 a
323 2357 465 2433 quo
506 2330 913 2432 repudiatus
949 2330 1040 2404 ad
1077 2329 1383 2404 sodalem
1424 2336 1664 2419 tuum,
1715 2329 1941 2404 virum
1973 2329 2319 2429 optimum
2360 2333 2467 2408 M.
2510 2335 2698 2408 Mar-

331 2475 398 2544 45)
431 2478 586 2545 quid?
725 2473 790 2546 ⁴⁵)
821 2476 875 2526 id
907 2489 1216 2540 responsum.
1772 2477 1841 2538 Α

243 2760 468 2821 diserte
523 2758 776 2827 indicat,
830 2757 1055 2819 multos
1103 2755 1301 2817 adhuc
1357 2774 1487 2817 csse
1530 2757 1666 2837 qui,
1708 2757 1872 2837 quod
1914 2754 1989 2818 de
2032 2756 2285 2819 Catilina
2321 2760 2711 2832 narrabatur,

244 2856 513 2917 nondum
567 2854 917 2923 crederent;
971 2872 1112 2913 nam
1167 2872 1290 2913 non
1345 2853 1685 2915 faterentur
1742 2873 1881 2914 eum
1936 2855 2069 2915 iure
2120 2874 2252 2916 esse
2293 2855 2712 2930 intersectum,

244 2952 406 3031 quod
456 2970 670 3012 verum
723 2968 854 3011 esse
901 2959 1148 3029 apparet
1191 2968 1268 3009 ex
1309 2947 1426 3010 Cic.
1469 2968 1524 3029 p.
1570 2948 1720 3011 Mur.
1762 2952 1859 3011 25.
1896 2950 1945 3031 S
1981 2952 2059 3011 50
2093 2971 2253 3031 sqq.;
2295 2964 2358 3015 at
2398 2974 2561 3015 nunc
2596 2962 2714 3017 tota

238 3049 438 3127 patria
493 3053 575 3107 est
629 3047 694 3106 in
747 3052 923 3116 metu,
980 3047 1144 3128 quod
1199 3046 1468 3109 Halmius
1524 3048 1608 3107 ita
1657 3047 2123 3127 interpretatur:
2178 3067 2267 3109 me
2308 3054 2483 3109 totam
2520 3049 2714 3110 heisst

245 3144 414 3206 nicht
467 3143 702 3204 iiberall
758 3144 841 3205 im
896 3143 1236 3205 romischen
1279 3142 1528 3205 Gebiete
1570 3145 1650 3204 ist
1690 3163 1832 3203 man
1874 3162 1993 3205 von
2034 3143 2131 3205 dir
2171 3145 2236 3205 in
2277 3144 2537 3215 Furcht3
2580 3166 2713 3208 son-

246 3240 424 3301 dern:
488 3240 595 3302 das
659 3238 987 3301 Vaterland
1036 3240 1303 3301 siirchtet
1358 3242 1457 3303 fur
1507 3239 1717 3302 seinen
1773 3260 2003 3322 ganzen
2046 3240 2360 3303 Bestand.'’
2442 3278 2522 3289 -—
2564 3242 2715 3305 huno

245 3335 389 3397 mihi
445 3336 703 3397 timorem
755 3337 934 3416 eripe,
989 3337 1044 3399 si
1097 3344 1178 3399 est
1233 3357 1423 3407 verus,
1478 3357 1550 3399 ne
1603 3338 1924 3417 opprimar,
1977 3338 2069 3399 sin
2122 3338 2339 3416 falsus,
2382 3345 2446 3399 ut
2487 3340 2713 3399 tandem

245 3432 556 3513 aliquando
599 3432 792 3494 timere
842 3434 1118 3495 desinam.
1200 3434 1546 3495 Communis
1589 3436 1859 3495 omnium
1909 3437 2156 3514 parem,
2199 3454 2353 3515 quae
2396 3435 2481 3495 sic
2522 3436 2712 3514 loqui-

247 3536 376 3599 tur,
430 3527 618 3591 habet
672 3530 835 3610 quod
892 3529 1240 3591 Ciceronem
1290 3531 1598 3591 consulem
1640 3538 1895 3590 accuset.
1980 3527 2237 3590 Videtur
2278 3531 2439 3591 enim
2481 3532 2715 3592 nescire

248 3634 484 3686 essetne
539 3644 751 3687 revera
793 3646 826 3685 a
871 3624 1124 3687 Catilina
1166 3628 1482 3687 consilium
1523 3626 1827 3706 quoddam
1870 3635 2078 3685 contra
2114 3644 2179 3685 se
2221 3626 2471 3695 initum;
2514 3637 2717 3687 orator

247 3728 447 3781 tamen
504 3721 570 3781 in
613 3723 1023 3801 superioribus
1071 3724 1308 3804 saepius
1356 3724 1644 3783 indicavit
1692 3741 1757 3782 se
1806 3740 1927 3781 non
1969 3722 2211 3801 fugere,
2260 3723 2409 3801 quid
2461 3722 2715 3784 Catilina

246 3817 594 3887 moliretur,
645 3818 826 3879 immo
878 3819 1026 3899 quid
1077 3820 1399 3899 cogitaret,
1450 3817 1556 3878 sed
1611 3817 1838 3897 patria,
1890 3825 1958 3877 ut
2016 3818 2142 3896 ipsa
2201 3815 2458 3887 fatetur,
2518 3817 2717 3880 adhuc

249 3910 488 3991 ignorat
532 3914 689 3974 sitne
733 3914 988 3977 Catilina
1030 3914 1144 3976 sibi
1183 3914 1546 3975 metuendus
1587 3932 1795 3975 necne.

326 4006 485 4068 Haec
518 4008 570 4070 si
603 4015 786 4071 tecum
1026 4011 1201 4091 fuyae
1243 4010 1645 4090 solitudinique
1685 4008 1981 4069 mandare.
2064 4044 2145 4055 —
2182 4008 2255 4071 Ut
2294 4010 2437 4071 dixi.
2502 4010 2715 4073 Neces-

251 4105 471 4167 sarium
513 4106 702 4186 igitur
744 4107 940 4169 visum
981 4118 1073 4168 est
1125 4110 1349 4169 oratori
1394 4106 1684 4167 Catilinae
1726 4107 1791 4166 in
1832 4106 2182 4167 memoriam
2230 4126 2515 4169 revocare
2550 4126 2715 4187 prae-

251 4200 525 4261 cedentia
567 4222 601 4263 a
643 4204 837 4283 patria
873 4222 1002 4265 esse
1047 4204 1222 4266 diota.
1304 4240 1386 4249 —
1418 4222 1604 4265 nonne
1637 4203 1945 4282 impetrare
1982 4238 2065 4249 —
2102 4222 2219 4263 non
2246 4202 2443 4282 possit.
2525 4200 2719 4282 Igitur

250 4299 441 4374 patria
483 4308 648 4359 certe
691 4300 1042 4378 impetraret
1084 4300 1144 4360 vi
1188 4299 1488 4369 adhibita3
1545 4298 1651 4359 sed
1697 4298 1867 4360 verbi
1903 4298 2263 4378 impetrandi
2306 4298 2456 4360 haec
2498 4299 2588 4361 vis
2624 4310 2719 4359 est
2757 4320 2763 4327 ·

252 4398 318 4454 ut
360 4392 436 4453 de
471 4395 715 4455 volente
766 4397 1034 4465 dicatur,
1085 4415 1208 4458 non
1262 4389 1347 4458 de
1390 4396 1598 4459 invito.
1716 4427 1798 4441 -·—
1844 4411 1883 4453 a
1922 4412 2013 4453 me
2064 4412 2277 4473 quoque
2336 4395 2400 4455 id
2460 4395 2719 4475 responsi

253 4487 491 4549 tulisses.
576 4488 715 4551 Sive
751 4491 814 4552 id
845 4492 1134 4571 responsi,
1177 4493 1302 4554 sive
1337 4493 1402 4553 id
1440 4509 1774 4571 responsum
1813 4490 2081 4570 legatur,
2125 4488 2239 4570 (id,
2282 4490 2445 4571 quod
2482 4490 2719 4551 Halmio

252 4583 525 4667 placuit),
569 4595 774 4647 orator
813 4587 1040 4649 indicat
1083 4584 1376 4667 Lepidum
1419 4605 1662 4667 quoque
1704 4585 1956 4654 dixisse,
2006 4602 2071 4644 se
2112 4584 2282 4645 nullo
2322 4586 2502 4646 modo
2543 4604 2717 4666 posse

254 4686 386 4743 tuto
442 4698 572 4741 esse
622 4681 836 4758 iisdem
891 4681 1220 4761 parietibus
1275 4701 1412 4744 cum
1454 4681 1709 4743 Catilina
1759 4690 1929 4741 cett:
1984 4680 2146 4761 quod
2196 4700 2332 4741 cum
2366 4700 2476 4762 per
2515 4700 2581 4743 se
2625 4690 2720 4742 est

255 4772 638 4847 incredibile,
691 4786 820 4839 tum
879 4779 1064 4843 etiam
1113 4777 1226 4843 hac
1269 4778 1344 4843 de
1389 4798 1597 4847 causa,
1647 4778 1812 4858 quod
1864 4784 1980 4840 tuto
2028 4796 2147 4841 esse
2196 4778 2517 4859 parietibus
2565 4778 2721 4841 nihil
