<?xml version="1.0" encoding="UTF-8"?>
<!DOCTYPE html PUBLIC "-//W3C//DTD XHTML 1.0 Transitional//EN"
    "http://www.w3.org/TR/xhtml1/DTD/xhtml1-transitional.dtd">
<html xmlns="http://www.w3.org/1999/xhtml" xml:lang="en" lang="en">
 <head>
  <title>
</title>
<meta http-equiv="Content-Type" content="text/html;charset=utf-8" />
  <meta name='ocr-system' content='tesseract 3.04.00' />
  <meta name='ocr-capabilities' content='ocr_page ocr_carea ocr_par ocr_line ocrx_word'/>
</head>
<body>
  <div class='ocr_page' id='page_1' title='image "./disputatiodeora00cicegoog_0117.png"; bbox 0 0 3375 5500; ppageno 0'>
   <div class='ocr_carea' id='block_1_1' title="bbox 8 3328 10 3840">
    <p class='ocr_par' dir='ltr' id='par_1_1' title="bbox 8 3328 10 3840">
     <span class='ocr_line' id='line_1_1' title="bbox 8 3328 10 3840; baseline 0 0"><span class='ocrx_word' id='word_1_1' title='bbox 8 3328 10 3840; x_wconf 95' lang='lat' dir='ltr'><strong> </strong></span> 
     </span>
    </p>
   </div>
   <div class='ocr_carea' id='block_1_2' title="bbox 1455 501 1542 560">
    <p class='ocr_par' dir='ltr' id='par_1_2' title="bbox 1455 501 1542 560">
     <span class='ocr_line' id='line_1_2' title="bbox 1455 501 1542 560; baseline -0.011 0"><span class='ocrx_word' id='word_1_2' title='bbox 1455 501 1542 560; x_wconf 77' lang='lat'><strong>47</strong></span> 
     </span>
    </p>
   </div>
   <div class='ocr_carea' id='block_1_3' title="bbox 247 695 2715 1190">
    <p class='ocr_par' dir='ltr' id='par_1_3' title="bbox 247 695 2715 1190">
     <span class='ocr_line' id='line_1_3' title="bbox 257 695 2713 810; baseline 0.001 -26"><span class='ocrx_word' id='word_1_3' title='bbox 257 737 334 784; x_wconf 90' lang='lat' dir='ltr'><strong>se</strong></span> <span class='ocrx_word' id='word_1_4' title='bbox 409 735 448 782; x_wconf 87' lang='lat' dir='ltr'><strong>a</strong></span> <span class='ocrx_word' id='word_1_5' title='bbox 522 706 760 792; x_wconf 79' lang='lat' dir='ltr'><strong>boniS‚</strong></span> <span class='ocrx_word' id='word_1_6' title='bbox 827 731 1048 780; x_wconf 90' lang='lat' dir='ltr'><strong>unum</strong></span> <span class='ocrx_word' id='word_1_7' title='bbox 1111 707 1184 778; x_wconf 92' lang='lat' dir='ltr'><strong>in</strong></span> <span class='ocrx_word' id='word_1_8' title='bbox 1254 695 1479 780; x_wconf 85' lang='lat' dir='ltr'><strong>locum</strong></span> <span class='ocrx_word' id='word_1_9' title='bbox 1533 715 2072 804; x_wconf 83' lang='lat' dir='ltr'><strong>congregentur,</strong></span> <span class='ocrx_word' id='word_1_10' title='bbox 2118 732 2317 782; x_wconf 87' lang='lat' dir='ltr'><strong>muro</strong></span> <span class='ocrx_word' id='word_1_11' title='bbox 2371 712 2669 810; x_wconf 91' lang='lat' dir='ltr'><strong>denique</strong></span> <span class='ocrx_word' id='word_1_12' title='bbox 2695 773 2713 800; x_wconf 93' lang='lat'>‚</span> 
     </span>
     <span class='ocr_line' id='line_1_4' title="bbox 252 831 2713 935; baseline 0.002 -24"><span class='ocrx_word' id='word_1_13' title='bbox 252 839 329 911; x_wconf 92' lang='lat' dir='ltr'><strong>id</strong></span> <span class='ocrx_word' id='word_1_14' title='bbox 391 837 578 935; x_wconf 89' lang='lat' dir='ltr'><strong>quod</strong></span> <span class='ocrx_word' id='word_1_15' title='bbox 639 861 839 933; x_wconf 84' lang='lat' dir='ltr'><strong>saepe</strong></span> <span class='ocrx_word' id='word_1_16' title='bbox 899 835 1038 909; x_wconf 89' lang='lat' dir='ltr'><strong>iam</strong></span> <span class='ocrx_word' id='word_1_17' title='bbox 1097 835 1280 922; x_wconf 87' lang='lat' dir='ltr'><strong>dixi,</strong></span> <span class='ocrx_word' id='word_1_18' title='bbox 1351 845 1799 909; x_wconf 84' lang='lat' dir='ltr'><strong>secernantur</strong></span> <span class='ocrx_word' id='word_1_19' title='bbox 1844 831 1937 926; x_wconf 77' lang='lat'><strong>⁷2)</strong></span> <span class='ocrx_word' id='word_1_20' title='bbox 2008 861 2049 908; x_wconf 87' lang='lat' dir='ltr'><strong>a</strong></span> <span class='ocrx_word' id='word_1_21' title='bbox 2101 836 2337 911; x_wconf 89' lang='lat' dir='ltr'><strong>nobis:</strong></span> <span class='ocrx_word' id='word_1_22' title='bbox 2392 841 2713 914; x_wconf 85' lang='lat' dir='ltr'><strong>desinant</strong></span> 
     </span>
     <span class='ocr_line' id='line_1_5' title="bbox 247 948 2715 1070; baseline 0.002 -32"><span class='ocrx_word' id='word_1_23' title='bbox 247 965 564 1039; x_wconf 87' lang='lat' dir='ltr'><strong>insidiari</strong></span> <span class='ocrx_word' id='word_1_24' title='bbox 629 963 816 1038; x_wconf 90' lang='lat' dir='ltr'><strong>domi</strong></span> <span class='ocrx_word' id='word_1_25' title='bbox 893 987 1056 1036; x_wconf 84' lang='lat' dir='ltr'><strong>suae</strong></span> <span class='ocrx_word' id='word_1_26' title='bbox 1124 964 1428 1050; x_wconf 90' lang='lat' dir='ltr'><strong>consuli,</strong></span> <span class='ocrx_word' id='word_1_27' title='bbox 1500 948 1942 1070; x_wconf 83' lang='lat' dir='ltr'><strong>circumstare</strong></span> <span class='ocrx_word' id='word_1_28' title='bbox 2013 963 2315 1038; x_wconf 84' lang='lat' dir='ltr'><strong>tribunal</strong></span> <span class='ocrx_word' id='word_1_29' title='bbox 2385 970 2715 1064; x_wconf 86' lang='lat' dir='ltr'><strong>praetoris</strong></span> 
     </span>
     <span class='ocr_line' id='line_1_6' title="bbox 249 1092 2711 1190; baseline 0.002 -24"><span class='ocrx_word' id='word_1_30' title='bbox 249 1094 536 1180; x_wconf 83' lang='lat' dir='ltr'><strong>urbani,</strong></span> <span class='ocrx_word' id='word_1_31' title='bbox 601 1092 914 1165; x_wconf 89' lang='lat' dir='ltr'><strong>obsidere</strong></span> <span class='ocrx_word' id='word_1_32' title='bbox 980 1117 1141 1165; x_wconf 87' lang='lat' dir='ltr'><strong>cum</strong></span> <span class='ocrx_word' id='word_1_33' title='bbox 1203 1092 1450 1190; x_wconf 84' lang='lat' dir='ltr'>gladiis</span> <span class='ocrx_word' id='word_1_34' title='bbox 1505 1092 1765 1168; x_wconf 85' lang='lat' dir='ltr'><strong>curiam</strong></span> <span class='ocrx_word' id='word_1_35' title='bbox 1789 1151 1808 1179; x_wconf 89' lang='lat'>‚</span> <span class='ocrx_word' id='word_1_36' title='bbox 1877 1092 2225 1166; x_wconf 84' lang='lat' dir='ltr'><strong>malleolos</strong></span> <span class='ocrx_word' id='word_1_37' title='bbox 2280 1102 2349 1166; x_wconf 87' lang='lat' dir='ltr'><strong>et</strong></span> <span class='ocrx_word' id='word_1_38' title='bbox 2396 1095 2575 1168; x_wconf 86' lang='lat' dir='ltr'><strong>faces</strong></span> <span class='ocrx_word' id='word_1_39' title='bbox 2621 1097 2711 1170; x_wconf 83' lang='lat' dir='ltr'><strong>ad</strong></span> 
     </span>
    </p>
   </div>
   <div class='ocr_carea' id='block_1_4' title="bbox 340 1251 798 1321">
    <p class='ocr_par' dir='ltr' id='par_1_4' title="bbox 340 1251 798 1321">
     <span class='ocr_line' id='line_1_7' title="bbox 340 1251 798 1321; baseline -0.009 -17"><span class='ocrx_word' id='word_1_40' title='bbox 340 1251 404 1321; x_wconf 80' lang='lat'><strong>⁷2)</strong></span> <span class='ocrx_word' id='word_1_41' title='bbox 439 1255 798 1304; x_wconf 80' lang='lat' dir='ltr'><strong>discernantur.</strong></span> 
     </span>
    </p>
   </div>
   <div class='ocr_carea' id='block_1_5' title="bbox 225 1557 2749 4244">
    <p class='ocr_par' dir='ltr' id='par_1_5' title="bbox 225 1557 2749 3954">
     <span class='ocr_line' id='line_1_8' title="bbox 237 1557 2719 1636; baseline -0.002 -12"><span class='ocrx_word' id='word_1_42' title='bbox 237 1565 569 1624; x_wconf 86' lang='lat' dir='ltr'><strong>obsecutus</strong></span> <span class='ocrx_word' id='word_1_43' title='bbox 619 1561 839 1620; x_wconf 85' lang='lat' dir='ltr'>edidit:</span> <span class='ocrx_word' id='word_1_44' title='bbox 896 1561 1301 1620; x_wconf 77' lang='lat' dir='ltr'><strong>discernantur</strong></span> <span class='ocrx_word' id='word_1_45' title='bbox 1351 1577 1388 1618; x_wconf 91' lang='lat' dir='ltr'><strong>a</strong></span> <span class='ocrx_word' id='word_1_46' title='bbox 1444 1557 1635 1629; x_wconf 83' lang='lat' dir='ltr'><strong>nobis,</strong></span> <span class='ocrx_word' id='word_1_47' title='bbox 1681 1558 1844 1636; x_wconf 88' lang='lat' dir='ltr'><strong>quod</strong></span> <span class='ocrx_word' id='word_1_48' title='bbox 1888 1578 2011 1619; x_wconf 90' lang='lat' dir='ltr'><strong>non</strong></span> <span class='ocrx_word' id='word_1_49' title='bbox 2049 1562 2375 1622; x_wconf 84' lang='lat' dir='ltr'><strong>verisimile</strong></span> <span class='ocrx_word' id='word_1_50' title='bbox 2420 1569 2578 1622; x_wconf 88' lang='lat' dir='ltr'><strong>esset</strong></span> <span class='ocrx_word' id='word_1_51' title='bbox 2618 1559 2719 1619; x_wconf 88' lang='lat' dir='ltr'><strong>hic</strong></span> 
     </span>
     <span class='ocr_line' id='line_1_9' title="bbox 233 1656 2717 1734; baseline -0.002 -16"><span class='ocrx_word' id='word_1_52' title='bbox 233 1660 320 1718; x_wconf 86' lang='lat' dir='ltr'><strong>ab</strong></span> <span class='ocrx_word' id='word_1_53' title='bbox 386 1667 622 1717; x_wconf 84' lang='lat' dir='ltr'><strong>oratore</strong></span> <span class='ocrx_word' id='word_1_54' title='bbox 689 1663 1059 1717; x_wconf 78' lang='lat' dir='ltr'><strong>secernantur</strong></span> <span class='ocrx_word' id='word_1_55' title='bbox 1121 1676 1250 1716; x_wconf 90' lang='lat' dir='ltr'><strong>esse</strong></span> <span class='ocrx_word' id='word_1_56' title='bbox 1315 1656 1605 1734; x_wconf 89' lang='lat' dir='ltr'><strong>scriptum</strong></span> <span class='ocrx_word' id='word_1_57' title='bbox 1670 1673 1856 1732; x_wconf 86' lang='lat' dir='ltr'><strong>quum</strong></span> <span class='ocrx_word' id='word_1_58' title='bbox 1898 1659 2247 1733; x_wconf 81' lang='lat' dir='ltr'><strong>praecedat:</strong></span> <span class='ocrx_word' id='word_1_59' title='bbox 2306 1663 2603 1718; x_wconf 77' lang='lat' dir='ltr'><strong>secernant</strong></span> <span class='ocrx_word' id='word_1_60' title='bbox 2645 1675 2717 1715; x_wconf 87' lang='lat' dir='ltr'><strong>se.</strong></span> 
     </span>
     <span class='ocr_line' id='line_1_10' title="bbox 233 1750 2719 1831; baseline -0.001 -19"><span class='ocrx_word' id='word_1_61' title='bbox 233 1751 480 1812; x_wconf 88' lang='lat' dir='ltr'><strong>Novum</strong></span> <span class='ocrx_word' id='word_1_62' title='bbox 522 1751 882 1812; x_wconf 88' lang='lat' dir='ltr'><strong>emendandi</strong></span> <span class='ocrx_word' id='word_1_63' title='bbox 925 1771 1133 1831; x_wconf 82' lang='lat' dir='ltr'><strong>genus.</strong></span> <span class='ocrx_word' id='word_1_64' title='bbox 1197 1751 1288 1810; x_wconf 83' lang='lat' dir='ltr'><strong>Ex</strong></span> <span class='ocrx_word' id='word_1_65' title='bbox 1330 1750 1772 1830; x_wconf 81' lang='lat' dir='ltr'><strong>significatione</strong></span> <span class='ocrx_word' id='word_1_66' title='bbox 1815 1752 1984 1811; x_wconf 85' lang='lat' dir='ltr'><strong>verbi</strong></span> <span class='ocrx_word' id='word_1_67' title='bbox 2028 1753 2390 1814; x_wconf 80' lang='lat' dir='ltr'><strong>discernendi</strong></span> <span class='ocrx_word' id='word_1_68' title='bbox 2433 1769 2719 1831; x_wconf 88' lang='lat' dir='ltr'><strong>apparere</strong></span> 
     </span>
     <span class='ocr_line' id='line_1_11' title="bbox 232 1845 2721 1930; baseline -0.001 -23"><span class='ocrx_word' id='word_1_69' title='bbox 232 1849 468 1928; x_wconf 87' lang='lat' dir='ltr'><strong>potuit,</strong></span> <span class='ocrx_word' id='word_1_70' title='bbox 513 1846 860 1907; x_wconf 86' lang='lat' dir='ltr'><strong>Ciceronem</strong></span> <span class='ocrx_word' id='word_1_71' title='bbox 903 1845 1061 1927; x_wconf 91' lang='lat' dir='ltr'><strong>(nam</strong></span> <span class='ocrx_word' id='word_1_72' title='bbox 1101 1847 1266 1907; x_wconf 89' lang='lat' dir='ltr'><strong>hunc</strong></span> <span class='ocrx_word' id='word_1_73' title='bbox 1307 1849 1521 1907; x_wconf 88' lang='lat' dir='ltr'><strong>saltem</strong></span> <span class='ocrx_word' id='word_1_74' title='bbox 1558 1855 1699 1906; x_wconf 86' lang='lat' dir='ltr'><strong>ante</strong></span> <span class='ocrx_word' id='word_1_75' title='bbox 1753 1849 1955 1908; x_wconf 89' lang='lat' dir='ltr'><strong>oculos</strong></span> <span class='ocrx_word' id='word_1_76' title='bbox 1996 1848 2211 1910; x_wconf 88' lang='lat' dir='ltr'><strong>habuit</strong></span> <span class='ocrx_word' id='word_1_77' title='bbox 2255 1847 2571 1930; x_wconf 88' lang='lat' dir='ltr'><strong>Halmius,)</strong></span> <span class='ocrx_word' id='word_1_78' title='bbox 2605 1846 2721 1905; x_wconf 90' lang='lat' dir='ltr'><strong>hoc</strong></span> 
     </span>
     <span class='ocr_line' id='line_1_12' title="bbox 233 1942 2717 2010; baseline -0.002 -5"><span class='ocrx_word' id='word_1_79' title='bbox 233 1963 424 2005; x_wconf 83' lang='lat' dir='ltr'><strong>sensu</strong></span> <span class='ocrx_word' id='word_1_80' title='bbox 459 1961 582 2002; x_wconf 90' lang='lat' dir='ltr'><strong>non</strong></span> <span class='ocrx_word' id='word_1_81' title='bbox 618 1943 708 2001; x_wconf 91' lang='lat' dir='ltr'><strong>uti</strong></span> <span class='ocrx_word' id='word_1_82' title='bbox 731 1961 804 2002; x_wconf 92' lang='lat' dir='ltr'><strong>eo</strong></span> <span class='ocrx_word' id='word_1_83' title='bbox 826 1943 1028 2003; x_wconf 77' lang='lat' dir='ltr'><strong>verbo,</strong></span> <span class='ocrx_word' id='word_1_84' title='bbox 1101 1942 1454 2003; x_wconf 84' lang='lat' dir='ltr'><strong>Discernere</strong></span> <span class='ocrx_word' id='word_1_85' title='bbox 1491 1952 1610 2010; x_wconf 91' lang='lat' dir='ltr'><strong>est,</strong></span> <span class='ocrx_word' id='word_1_86' title='bbox 1642 1960 1827 2001; x_wconf 85' lang='lat' dir='ltr'><strong>unam</strong></span> <span class='ocrx_word' id='word_1_87' title='bbox 1856 1962 1986 2002; x_wconf 90' lang='lat' dir='ltr'><strong>rem</strong></span> <span class='ocrx_word' id='word_1_88' title='bbox 2023 1944 2097 2004; x_wconf 87' lang='lat' dir='ltr'><strong>ab</strong></span> <span class='ocrx_word' id='word_1_89' title='bbox 2130 1946 2243 2004; x_wconf 84' lang='lat' dir='ltr'><strong>alia</strong></span> <span class='ocrx_word' id='word_1_90' title='bbox 2274 1948 2717 2009; x_wconf 78' lang='lat' dir='ltr'><strong>internoscere,</strong></span> 
     </span>
     <span class='ocr_line' id='line_1_13' title="bbox 235 2037 2718 2118; baseline -0.004 -15"><span class='ocrx_word' id='word_1_91' title='bbox 235 2043 337 2104; x_wconf 87' lang='lat' dir='ltr'><strong>vel</strong></span> <span class='ocrx_word' id='word_1_92' title='bbox 383 2051 454 2101; x_wconf 91' lang='lat' dir='ltr'><strong>ut</strong></span> <span class='ocrx_word' id='word_1_93' title='bbox 499 2039 764 2099; x_wconf 87' lang='lat' dir='ltr'><strong>Kritzius</strong></span> <span class='ocrx_word' id='word_1_94' title='bbox 817 2041 1066 2100; x_wconf 88' lang='lat' dir='ltr'><strong>adnotat</strong></span> <span class='ocrx_word' id='word_1_95' title='bbox 1124 2041 1200 2100; x_wconf 83' lang='lat' dir='ltr'><strong>ad</strong></span> <span class='ocrx_word' id='word_1_96' title='bbox 1254 2038 1391 2099; x_wconf 86' lang='lat' dir='ltr'><strong>Sall.</strong></span> <span class='ocrx_word' id='word_1_97' title='bbox 1441 2038 1503 2098; x_wconf 93' lang='grc' dir='ltr'><strong>Β.</strong></span> <span class='ocrx_word' id='word_1_98' title='bbox 1543 2038 1602 2098; x_wconf 89' lang='lat' dir='ltr'><strong>C.</strong></span> <span class='ocrx_word' id='word_1_99' title='bbox 1637 2039 1733 2097; x_wconf 80' lang='lat'><strong>25.</strong></span> <span class='ocrx_word' id='word_1_100' title='bbox 1770 2037 1819 2118; x_wconf 62' lang='lat'>5</span> <span class='ocrx_word' id='word_1_101' title='bbox 1861 2039 1929 2098; x_wconf 87' lang='lat'><strong>3:</strong></span> <span class='ocrx_word' id='word_1_102' title='bbox 1986 2041 2370 2101; x_wconf 78' lang='lat' dir='ltr'><strong>»discernere</strong></span> <span class='ocrx_word' id='word_1_103' title='bbox 2415 2057 2559 2101; x_wconf 88' lang='lat' dir='ltr'><strong>vero</strong></span> <span class='ocrx_word' id='word_1_104' title='bbox 2600 2047 2718 2105; x_wconf 88' lang='lat' dir='ltr'><strong>est,</strong></span> 
     </span>
     <span class='ocr_line' id='line_1_14' title="bbox 235 2136 2724 2216; baseline -0.003 -16"><span class='ocrx_word' id='word_1_105' title='bbox 235 2158 370 2200; x_wconf 90' lang='lat' dir='ltr'><strong>rem</strong></span> <span class='ocrx_word' id='word_1_106' title='bbox 401 2139 663 2216; x_wconf 88' lang='lat' dir='ltr'><strong>aliquam</strong></span> <span class='ocrx_word' id='word_1_107' title='bbox 699 2136 763 2195; x_wconf 89' lang='lat' dir='ltr'><strong>in</strong></span> <span class='ocrx_word' id='word_1_108' title='bbox 798 2136 946 2196; x_wconf 88' lang='lat' dir='ltr'><strong>duas</strong></span> <span class='ocrx_word' id='word_1_109' title='bbox 977 2147 1179 2216; x_wconf 87' lang='lat' dir='ltr'><strong>partes</strong></span> <span class='ocrx_word' id='word_1_110' title='bbox 1215 2138 1565 2216; x_wconf 84' lang='lat' dir='ltr'><strong>seiungere,</strong></span> <span class='ocrx_word' id='word_1_111' title='bbox 1603 2136 2069 2215; x_wconf 87' lang='lat' dir='ltr'><strong>discrimineque</strong></span> <span class='ocrx_word' id='word_1_112' title='bbox 2105 2140 2267 2216; x_wconf 91' lang='lat' dir='ltr'><strong>quod</strong></span> <span class='ocrx_word' id='word_1_113' title='bbox 2295 2140 2457 2199; x_wconf 87' lang='lat' dir='ltr'><strong>inter</strong></span> <span class='ocrx_word' id='word_1_114' title='bbox 2490 2146 2724 2196; x_wconf 86' lang='lat' dir='ltr'><strong>utrum-</strong></span> 
     </span>
     <span class='ocr_line' id='line_1_15' title="bbox 236 2229 2720 2316; baseline -0.003 -20"><span class='ocrx_word' id='word_1_115' title='bbox 236 2255 358 2316; x_wconf 87' lang='lat' dir='ltr'><strong>que</strong></span> <span class='ocrx_word' id='word_1_116' title='bbox 423 2232 748 2296; x_wconf 86' lang='lat' dir='ltr'><strong>intercedit</strong></span> <span class='ocrx_word' id='word_1_117' title='bbox 821 2235 1163 2312; x_wconf 87' lang='lat' dir='ltr'><strong>explorato,</strong></span> <span class='ocrx_word' id='word_1_118' title='bbox 1237 2233 1461 2293; x_wconf 91' lang='lat' dir='ltr'><strong>iudicio</strong></span> <span class='ocrx_word' id='word_1_119' title='bbox 1533 2233 1596 2292; x_wconf 90' lang='lat' dir='ltr'><strong>in</strong></span> <span class='ocrx_word' id='word_1_120' title='bbox 1661 2234 2015 2292; x_wconf 78' lang='lat' dir='ltr'><strong>alterutram</strong></span> <span class='ocrx_word' id='word_1_121' title='bbox 2089 2234 2415 2295; x_wconf 88' lang='lat' dir='ltr'><strong>inclinare&#39;&#39;</strong></span> <span class='ocrx_word' id='word_1_122' title='bbox 2478 2242 2540 2290; x_wconf 89' lang='lat' dir='ltr'><strong>et</strong></span> <span class='ocrx_word' id='word_1_123' title='bbox 2604 2229 2720 2289; x_wconf 89' lang='lat' dir='ltr'><strong>hoc</strong></span> 
     </span>
     <span class='ocr_line' id='line_1_16' title="bbox 237 2325 2720 2408; baseline -0.003 -16"><span class='ocrx_word' id='word_1_124' title='bbox 237 2343 406 2392; x_wconf 90' lang='lat' dir='ltr'><strong>certe</strong></span> <span class='ocrx_word' id='word_1_125' title='bbox 448 2347 660 2390; x_wconf 86' lang='lat' dir='ltr'><strong>murus</strong></span> <span class='ocrx_word' id='word_1_126' title='bbox 702 2347 828 2388; x_wconf 89' lang='lat' dir='ltr'><strong>non</strong></span> <span class='ocrx_word' id='word_1_127' title='bbox 870 2331 1029 2390; x_wconf 84' lang='lat' dir='ltr'><strong>facit.</strong></span> <span class='ocrx_word' id='word_1_128' title='bbox 1115 2329 1278 2390; x_wconf 84' lang='lat' dir='ltr'><strong>Nihil</strong></span> <span class='ocrx_word' id='word_1_129' title='bbox 1315 2331 1620 2390; x_wconf 87' lang='lat' dir='ltr'><strong>lucramur</strong></span> <span class='ocrx_word' id='word_1_130' title='bbox 1661 2329 1853 2408; x_wconf 86' lang='lat' dir='ltr'><strong>igitur</strong></span> <span class='ocrx_word' id='word_1_131' title='bbox 1894 2327 2113 2390; x_wconf 81' lang='lat' dir='ltr'>Halmii</span> <span class='ocrx_word' id='word_1_132' title='bbox 2157 2325 2720 2393; x_wconf 87' lang='lat' dir='ltr'><strong>emendatiuncula;</strong></span> 
     </span>
     <span class='ocr_line' id='line_1_17' title="bbox 235 2422 2721 2508; baseline -0.004 -20"><span class='ocrx_word' id='word_1_133' title='bbox 235 2427 596 2508; x_wconf 82' lang='lat' dir='ltr'><strong>praesertim</strong></span> <span class='ocrx_word' id='word_1_134' title='bbox 659 2443 796 2484; x_wconf 89' lang='lat' dir='ltr'><strong>cum</strong></span> <span class='ocrx_word' id='word_1_135' title='bbox 859 2445 936 2485; x_wconf 89' lang='lat' dir='ltr'><strong>ex</strong></span> <span class='ocrx_word' id='word_1_136' title='bbox 999 2427 1289 2505; x_wconf 85' lang='lat' dir='ltr'><strong>exemplis</strong></span> <span class='ocrx_word' id='word_1_137' title='bbox 1347 2445 1524 2504; x_wconf 88' lang='lat' dir='ltr'><strong>supra</strong></span> <span class='ocrx_word' id='word_1_138' title='bbox 1581 2425 1779 2484; x_wconf 85' lang='lat' dir='ltr'><strong>allatis</strong></span> <span class='ocrx_word' id='word_1_139' title='bbox 1831 2435 2078 2504; x_wconf 88' lang='lat' dir='ltr'><strong>apparet</strong></span> <span class='ocrx_word' id='word_1_140' title='bbox 2122 2427 2196 2486; x_wconf 88' lang='lat' dir='ltr'><strong>ab</strong></span> <span class='ocrx_word' id='word_1_141' title='bbox 2240 2426 2486 2507; x_wconf 86' lang='lat' dir='ltr'><strong>ingenio</strong></span> <span class='ocrx_word' id='word_1_142' title='bbox 2528 2422 2721 2482; x_wconf 87' lang='lat' dir='ltr'><strong>nostri</strong></span> 
     </span>
     <span class='ocr_line' id='line_1_18' title="bbox 235 2521 2718 2601; baseline -0.003 -18"><span class='ocrx_word' id='word_1_143' title='bbox 235 2522 662 2583; x_wconf 87' lang='lat' dir='ltr'><strong>declamatoris</strong></span> <span class='ocrx_word' id='word_1_144' title='bbox 702 2522 1188 2601; x_wconf 15' lang='lat' dir='ltr'><strong>nonpabhorrere</strong></span> <span class='ocrx_word' id='word_1_145' title='bbox 1233 2523 1448 2583; x_wconf 89' lang='lat' dir='ltr'><strong>eodem</strong></span> <span class='ocrx_word' id='word_1_146' title='bbox 1485 2521 1671 2582; x_wconf 87' lang='lat' dir='ltr'><strong>verbo</strong></span> <span class='ocrx_word' id='word_1_147' title='bbox 1714 2523 1952 2600; x_wconf 90' lang='lat' dir='ltr'><strong>saepius</strong></span> <span class='ocrx_word' id='word_1_148' title='bbox 1992 2524 2087 2582; x_wconf 90' lang='lat' dir='ltr'><strong>uti</strong></span> <span class='ocrx_word' id='word_1_149' title='bbox 2130 2524 2194 2582; x_wconf 89' lang='lat' dir='ltr'><strong>in</strong></span> <span class='ocrx_word' id='word_1_150' title='bbox 2230 2525 2442 2584; x_wconf 87' lang='lat' dir='ltr'><strong>eadem</strong></span> <span class='ocrx_word' id='word_1_151' title='bbox 2479 2528 2718 2579; x_wconf 90' lang='lat' dir='ltr'><strong>senten-</strong></span> 
     </span>
     <span class='ocr_line' id='line_1_19' title="bbox 233 2612 2717 2699; baseline -0.004 -20"><span class='ocrx_word' id='word_1_152' title='bbox 233 2621 342 2680; x_wconf 86' lang='lat' dir='ltr'><strong>tia.</strong></span> <span class='ocrx_word' id='word_1_153' title='bbox 431 2617 594 2678; x_wconf 88' lang='lat' dir='ltr'><strong>Sicut</strong></span> <span class='ocrx_word' id='word_1_154' title='bbox 639 2619 828 2698; x_wconf 86' lang='lat' dir='ltr'><strong>igitur</strong></span> <span class='ocrx_word' id='word_1_155' title='bbox 869 2619 1114 2699; x_wconf 85' lang='lat' dir='ltr'><strong>vulgata</strong></span> <span class='ocrx_word' id='word_1_156' title='bbox 1160 2621 1456 2698; x_wconf 86' lang='lat' dir='ltr'><strong>scriptura</strong></span> <span class='ocrx_word' id='word_1_157' title='bbox 1497 2619 1749 2698; x_wconf 83' lang='lat' dir='ltr'><strong>legitur,</strong></span> <span class='ocrx_word' id='word_1_158' title='bbox 1792 2617 2052 2678; x_wconf 85' lang='lat' dir='ltr'><strong>absurda</strong></span> <span class='ocrx_word' id='word_1_159' title='bbox 2094 2628 2187 2679; x_wconf 90' lang='lat' dir='ltr'><strong>est</strong></span> <span class='ocrx_word' id='word_1_160' title='bbox 2230 2618 2381 2679; x_wconf 87' lang='lat' dir='ltr'><strong>haee</strong></span> <span class='ocrx_word' id='word_1_161' title='bbox 2416 2612 2717 2696; x_wconf 83' lang='lat' dir='ltr'><strong>gradatio,</strong></span> 
     </span>
     <span class='ocr_line' id='line_1_20' title="bbox 239 2705 2717 2795; baseline -0 -20"><span class='ocrx_word' id='word_1_162' title='bbox 239 2715 450 2795; x_wconf 82' lang='lat' dir='ltr'><strong>quae,‘</strong></span> <span class='ocrx_word' id='word_1_163' title='bbox 470 2715 704 2775; x_wconf 91' lang='lat' dir='ltr'><strong>etiamsi</strong></span> <span class='ocrx_word' id='word_1_164' title='bbox 749 2715 1154 2777; x_wconf 79' lang='lat' dir='ltr'><strong>discernantur</strong></span> <span class='ocrx_word' id='word_1_165' title='bbox 1195 2716 1523 2783; x_wconf 81' lang='lat' dir='ltr'><strong>scribatur,</strong></span> <span class='ocrx_word' id='word_1_166' title='bbox 1579 2723 1785 2775; x_wconf 85' lang='lat' dir='ltr'><strong>tamen</strong></span> <span class='ocrx_word' id='word_1_167' title='bbox 1839 2723 2074 2774; x_wconf 88' lang='lat' dir='ltr'><strong>manet:</strong></span> <span class='ocrx_word' id='word_1_168' title='bbox 2128 2714 2391 2774; x_wconf 85' lang='lat' dir='ltr'><strong>secedant</strong></span> <span class='ocrx_word' id='word_1_169' title='bbox 2444 2705 2717 2788; x_wconf 77' lang='lat' dir='ltr'><strong>improbi,</strong></span> 
     </span>
     <span class='ocr_line' id='line_1_21' title="bbox 237 2810 2719 2889; baseline -0.005 -14"><span class='ocrx_word' id='word_1_170' title='bbox 237 2822 540 2875; x_wconf 82' lang='lat' dir='ltr'><strong>secernant</strong></span> <span class='ocrx_word' id='word_1_171' title='bbox 582 2835 640 2875; x_wconf 86' lang='lat' dir='ltr'><strong>se</strong></span> <span class='ocrx_word' id='word_1_172' title='bbox 679 2831 719 2873; x_wconf 91' lang='lat' dir='ltr'><strong>a</strong></span> <span class='ocrx_word' id='word_1_173' title='bbox 763 2814 946 2883; x_wconf 87' lang='lat' dir='ltr'><strong>bonis,</strong></span> <span class='ocrx_word' id='word_1_174' title='bbox 997 2834 1174 2875; x_wconf 87' lang='lat' dir='ltr'><strong>unum</strong></span> <span class='ocrx_word' id='word_1_175' title='bbox 1215 2815 1278 2873; x_wconf 90' lang='lat' dir='ltr'><strong>in</strong></span> <span class='ocrx_word' id='word_1_176' title='bbox 1323 2814 1505 2873; x_wconf 87' lang='lat' dir='ltr'><strong>locum</strong></span> <span class='ocrx_word' id='word_1_177' title='bbox 1552 2816 1985 2889; x_wconf 51' lang='lat' dir='ltr'><strong>confiscentur,</strong></span> <span class='ocrx_word' id='word_1_178' title='bbox 2038 2828 2203 2869; x_wconf 86' lang='lat' dir='ltr'><strong>muro</strong></span> <span class='ocrx_word' id='word_1_179' title='bbox 2244 2810 2647 2870; x_wconf 80' lang='lat' dir='ltr'><strong>discernantur</strong></span> <span class='ocrx_word' id='word_1_180' title='bbox 2680 2818 2719 2861; x_wconf 85' lang='lat' dir='ltr'><strong>a</strong></span> 
     </span>
     <span class='ocr_line' id='line_1_22' title="bbox 235 2900 2717 2975; baseline -0.006 -4"><span class='ocrx_word' id='word_1_181' title='bbox 235 2911 415 2971; x_wconf 86' lang='lat' dir='ltr'><strong>nobis.</strong></span> <span class='ocrx_word' id='word_1_182' title='bbox 502 2909 686 2971; x_wconf 89' lang='lat' dir='ltr'><strong>Porro</strong></span> <span class='ocrx_word' id='word_1_183' title='bbox 743 2918 1039 2971; x_wconf 81' lang='lat' dir='ltr'><strong>secernant</strong></span> <span class='ocrx_word' id='word_1_184' title='bbox 1095 2930 1153 2971; x_wconf 90' lang='lat' dir='ltr'><strong>se</strong></span> <span class='ocrx_word' id='word_1_185' title='bbox 1201 2927 1238 2969; x_wconf 91' lang='lat' dir='ltr'><strong>a</strong></span> <span class='ocrx_word' id='word_1_186' title='bbox 1296 2908 1486 2975; x_wconf 84' lang='lat' dir='ltr'><strong>bonis,</strong></span> <span class='ocrx_word' id='word_1_187' title='bbox 1541 2926 1664 2967; x_wconf 90' lang='lat' dir='ltr'><strong>non</strong></span> <span class='ocrx_word' id='word_1_188' title='bbox 1720 2916 1885 2966; x_wconf 87' lang='lat' dir='ltr'><strong>recte</strong></span> <span class='ocrx_word' id='word_1_189' title='bbox 1943 2924 2007 2965; x_wconf 90' lang='lat' dir='ltr'><strong>se</strong></span> <span class='ocrx_word' id='word_1_190' title='bbox 2049 2904 2250 2965; x_wconf 87' lang='lat' dir='ltr'><strong>habet.</strong></span> <span class='ocrx_word' id='word_1_191' title='bbox 2336 2900 2717 2965; x_wconf 87' lang='lat' dir='ltr'><strong>Secernimus</strong></span> 
     </span>
     <span class='ocr_line' id='line_1_23' title="bbox 235 3003 2749 3086; baseline -0.006 -18"><span class='ocrx_word' id='word_1_192' title='bbox 235 3009 435 3077; x_wconf 84' lang='lat' dir='ltr'><strong>enim,</strong></span> <span class='ocrx_word' id='word_1_193' title='bbox 479 3026 631 3086; x_wconf 88' lang='lat' dir='ltr'><strong>quae</strong></span> <span class='ocrx_word' id='word_1_194' title='bbox 685 3018 859 3068; x_wconf 85' lang='lat' dir='ltr'><strong>antea</strong></span> <span class='ocrx_word' id='word_1_195' title='bbox 913 3009 1231 3068; x_wconf 80' lang='lat' dir='ltr'><strong>commixta</strong></span> <span class='ocrx_word' id='word_1_196' title='bbox 1287 3016 1350 3065; x_wconf 89' lang='lat' dir='ltr'><strong>et</strong></span> <span class='ocrx_word' id='word_1_197' title='bbox 1405 3004 1652 3064; x_wconf 84' lang='lat' dir='ltr'><strong>confusa</strong></span> <span class='ocrx_word' id='word_1_198' title='bbox 1710 3011 1916 3069; x_wconf 86' lang='lat' dir='ltr'><strong>erant,</strong></span> <span class='ocrx_word' id='word_1_199' title='bbox 1974 3003 2134 3080; x_wconf 89' lang='lat' dir='ltr'><strong>quod</strong></span> <span class='ocrx_word' id='word_1_200' title='bbox 2190 3020 2427 3080; x_wconf 87' lang='lat' dir='ltr'><strong>semper</strong></span> <span class='ocrx_word' id='word_1_201' title='bbox 2478 3004 2749 3065; x_wconf 61' lang='lat' dir='ltr'><strong>mente„</strong></span> 
     </span>
     <span class='ocr_line' id='line_1_24' title="bbox 234 3090 2713 3177; baseline -0.006 -14"><span class='ocrx_word' id='word_1_202' title='bbox 234 3104 490 3163; x_wconf 90' lang='lat' dir='ltr'><strong>consilio</strong></span> <span class='ocrx_word' id='word_1_203' title='bbox 541 3113 748 3163; x_wconf 87' lang='lat' dir='ltr'><strong>nostro</strong></span> <span class='ocrx_word' id='word_1_204' title='bbox 807 3103 892 3163; x_wconf 83' lang='lat' dir='ltr'><strong>fit.</strong></span> <span class='ocrx_word' id='word_1_205' title='bbox 979 3102 1076 3163; x_wconf 88' lang='lat' dir='ltr'><strong>Sic</strong></span> <span class='ocrx_word' id='word_1_206' title='bbox 1119 3123 1171 3164; x_wconf 88' lang='lat' dir='ltr'><strong>v.</strong></span> <span class='ocrx_word' id='word_1_207' title='bbox 1218 3122 1264 3162; x_wconf 92' lang='lat' dir='ltr'><strong>c.</strong></span> <span class='ocrx_word' id='word_1_208' title='bbox 1312 3100 1518 3162; x_wconf 87' lang='lat' dir='ltr'><strong>Cicero</strong></span> <span class='ocrx_word' id='word_1_209' title='bbox 1569 3100 1807 3177; x_wconf 87' lang='lat' dir='ltr'><strong>scripsit</strong></span> <span class='ocrx_word' id='word_1_210' title='bbox 1863 3098 1939 3157; x_wconf 89' lang='lat' dir='ltr'><strong>de</strong></span> <span class='ocrx_word' id='word_1_211' title='bbox 1997 3096 2064 3157; x_wconf 89' lang='lat' dir='ltr'><strong>N.</strong></span> <span class='ocrx_word' id='word_1_212' title='bbox 2117 3095 2181 3157; x_wconf 91' lang='lat' dir='ltr'><strong>D.</strong></span> <span class='ocrx_word' id='word_1_213' title='bbox 2235 3096 2306 3159; x_wconf 93' lang='lat' dir='ltr'><strong>II.</strong></span> <span class='ocrx_word' id='word_1_214' title='bbox 2358 3098 2455 3155; x_wconf 87' lang='grc'><strong>47.</strong></span> <span class='ocrx_word' id='word_1_215' title='bbox 2491 3092 2541 3173; x_wconf 55' lang='grc' dir='ltr'><strong><em>ὃ</em></strong></span> <span class='ocrx_word' id='word_1_216' title='bbox 2578 3090 2713 3150; x_wconf 79' lang='lat'><strong>122.</strong></span> 
     </span>
     <span class='ocr_line' id='line_1_25' title="bbox 235 3188 2715 3274; baseline -0.008 -12"><span class='ocrx_word' id='word_1_217' title='bbox 235 3201 449 3262; x_wconf 81' lang='lat' dir='ltr'><strong>»dedit</strong></span> <span class='ocrx_word' id='word_1_218' title='bbox 481 3210 682 3260; x_wconf 88' lang='lat' dir='ltr'><strong>autem</strong></span> <span class='ocrx_word' id='word_1_219' title='bbox 715 3201 925 3261; x_wconf 90' lang='lat' dir='ltr'><strong>eadem</strong></span> <span class='ocrx_word' id='word_1_220' title='bbox 968 3210 1185 3261; x_wconf 85' lang='lat' dir='ltr'><strong>natura</strong></span> <span class='ocrx_word' id='word_1_221' title='bbox 1228 3200 1446 3259; x_wconf 86' lang='lat' dir='ltr'><strong>belluis</strong></span> <span class='ocrx_word' id='word_1_222' title='bbox 1489 3207 1550 3258; x_wconf 91' lang='lat' dir='ltr'><strong>et</strong></span> <span class='ocrx_word' id='word_1_223' title='bbox 1594 3215 1835 3257; x_wconf 87' lang='lat' dir='ltr'><strong>sensum</strong></span> <span class='ocrx_word' id='word_1_224' title='bbox 1878 3204 1941 3255; x_wconf 89' lang='lat' dir='ltr'><strong>et</strong></span> <span class='ocrx_word' id='word_1_225' title='bbox 1986 3195 2353 3274; x_wconf 87' lang='lat' dir='ltr'><strong>adpetitum,</strong></span> <span class='ocrx_word' id='word_1_226' title='bbox 2401 3202 2472 3253; x_wconf 88' lang='lat' dir='ltr'><strong>ut</strong></span> <span class='ocrx_word' id='word_1_227' title='bbox 2523 3188 2715 3249; x_wconf 87' lang='lat' dir='ltr'><strong>altero</strong></span> 
     </span>
     <span class='ocr_line' id='line_1_26' title="bbox 232 3286 2717 3374; baseline -0.005 -19"><span class='ocrx_word' id='word_1_228' title='bbox 232 3306 520 3356; x_wconf 86' lang='lat' dir='ltr'><strong>conatum</strong></span> <span class='ocrx_word' id='word_1_229' title='bbox 568 3295 866 3357; x_wconf 88' lang='lat' dir='ltr'><strong>haberent</strong></span> <span class='ocrx_word' id='word_1_230' title='bbox 919 3298 993 3358; x_wconf 89' lang='lat' dir='ltr'><strong>ad</strong></span> <span class='ocrx_word' id='word_1_231' title='bbox 1049 3298 1356 3357; x_wconf 79' lang='lat' dir='ltr'><strong>naturales</strong></span> <span class='ocrx_word' id='word_1_232' title='bbox 1399 3304 1605 3374; x_wconf 88' lang='lat' dir='ltr'><strong>pastus</strong></span> <span class='ocrx_word' id='word_1_233' title='bbox 1656 3292 2083 3373; x_wconf 82' lang='lat' dir='ltr'><strong>capessendoS,</strong></span> <span class='ocrx_word' id='word_1_234' title='bbox 2126 3294 2319 3353; x_wconf 87' lang='lat' dir='ltr'><strong>altero</strong></span> <span class='ocrx_word' id='word_1_235' title='bbox 2362 3286 2717 3351; x_wconf 83' lang='lat' dir='ltr'><strong>secernerent</strong></span> 
     </span>
     <span class='ocr_line' id='line_1_27' title="bbox 225 3384 2715 3472; baseline -0.007 -19"><span class='ocrx_word' id='word_1_236' title='bbox 225 3394 514 3471; x_wconf 74' lang='lat' dir='ltr'><strong>pestifera</strong></span> <span class='ocrx_word' id='word_1_237' title='bbox 556 3412 594 3453; x_wconf 92' lang='lat' dir='ltr'><strong>a</strong></span> <span class='ocrx_word' id='word_1_238' title='bbox 638 3395 1005 3455; x_wconf 83' lang='lat' dir='ltr'><strong>salutaribus</strong></span> <span class='ocrx_word' id='word_1_239' title='bbox 1087 3393 1315 3454; x_wconf 88' lang='lat' dir='ltr'><strong>Eadem</strong></span> <span class='ocrx_word' id='word_1_240' title='bbox 1373 3390 1821 3472; x_wconf 82' lang='lat' dir='ltr'><strong>significatione</strong></span> <span class='ocrx_word' id='word_1_241' title='bbox 1860 3390 2315 3469; x_wconf 83' lang='lat' dir='ltr'><strong>coniunguntur</strong></span> <span class='ocrx_word' id='word_1_242' title='bbox 2349 3407 2382 3446; x_wconf 90' lang='lat' dir='ltr'><strong>a</strong></span> <span class='ocrx_word' id='word_1_243' title='bbox 2425 3384 2715 3444; x_wconf 87' lang='lat' dir='ltr'><strong>Cicerone</strong></span> 
     </span>
     <span class='ocr_line' id='line_1_28' title="bbox 231 3473 2715 3569; baseline -0.006 -21"><span class='ocrx_word' id='word_1_244' title='bbox 231 3488 424 3549; x_wconf 87' lang='lat' dir='ltr'><strong>Amic.</strong></span> <span class='ocrx_word' id='word_1_245' title='bbox 461 3490 555 3549; x_wconf 78' lang='lat'><strong>25.</strong></span> <span class='ocrx_word' id='word_1_246' title='bbox 593 3489 640 3569; x_wconf 62' lang='lat' dir='ltr'>S</span> <span class='ocrx_word' id='word_1_247' title='bbox 683 3492 788 3551; x_wconf 83' lang='lat'><strong>95:</strong></span> <span class='ocrx_word' id='word_1_248' title='bbox 855 3491 1132 3551; x_wconf 76' lang='lat' dir='ltr'><strong>»Secerni</strong></span> <span class='ocrx_word' id='word_1_249' title='bbox 1180 3499 1383 3552; x_wconf 85' lang='lat' dir='ltr'><strong>autem</strong></span> <span class='ocrx_word' id='word_1_250' title='bbox 1435 3489 1693 3548; x_wconf 89' lang='lat' dir='ltr'><strong>blandus</strong></span> <span class='ocrx_word' id='word_1_251' title='bbox 1750 3488 1975 3547; x_wconf 90' lang='lat' dir='ltr'><strong>amicus</strong></span> <span class='ocrx_word' id='word_1_252' title='bbox 2022 3506 2055 3545; x_wconf 85' lang='lat' dir='ltr'><strong>a</strong></span> <span class='ocrx_word' id='word_1_253' title='bbox 2111 3504 2258 3546; x_wconf 85' lang='lat' dir='ltr'><strong>vero</strong></span> <span class='ocrx_word' id='word_1_254' title='bbox 2302 3495 2364 3547; x_wconf 92' lang='lat' dir='ltr'><strong>et</strong></span> <span class='ocrx_word' id='word_1_255' title='bbox 2407 3473 2715 3543; x_wconf 82' lang='lat' dir='ltr'><strong>internosci</strong></span> 
     </span>
     <span class='ocr_line' id='line_1_29' title="bbox 229 3569 2716 3667; baseline -0.004 -24"><span class='ocrx_word' id='word_1_256' title='bbox 229 3594 437 3663; x_wconf 89' lang='lat' dir='ltr'><strong>potest</strong></span> <span class='ocrx_word' id='word_1_257' title='bbox 479 3584 746 3645; x_wconf 83' lang='lat' dir='ltr'><strong>adhibita</strong></span> <span class='ocrx_word' id='word_1_258' title='bbox 802 3586 1171 3667; x_wconf 52' lang='lat' dir='ltr'><strong>diligentia?</strong></span> <span class='ocrx_word' id='word_1_259' title='bbox 1253 3622 1336 3632; x_wconf 89' lang='lat'><strong>-—</strong></span> <span class='ocrx_word' id='word_1_260' title='bbox 1374 3604 1536 3645; x_wconf 88' lang='lat' dir='ltr'><strong>muro</strong></span> <span class='ocrx_word' id='word_1_261' title='bbox 1577 3584 1845 3663; x_wconf 82' lang='lat' dir='ltr'><strong>denique,</strong></span> <span class='ocrx_word' id='word_1_262' title='bbox 1888 3584 2035 3663; x_wconf 83' lang='lat' dir='ltr'><strong>quod</strong></span> <span class='ocrx_word' id='word_1_263' title='bbox 2077 3570 2243 3662; x_wconf 80' lang='lat' dir='ltr'><strong>saepe</strong></span> <span class='ocrx_word' id='word_1_264' title='bbox 2282 3583 2403 3642; x_wconf 87' lang='lat' dir='ltr'><strong>iam</strong></span> <span class='ocrx_word' id='word_1_265' title='bbox 2442 3574 2586 3637; x_wconf 77' lang='lat' dir='ltr'><strong>dixi.</strong></span> <span class='ocrx_word' id='word_1_266' title='bbox 2652 3569 2716 3629; x_wconf 89' lang='lat' dir='ltr'><strong>Si</strong></span> 
     </span>
     <span class='ocr_line' id='line_1_30' title="bbox 229 3666 2727 3761; baseline -0.004 -22"><span class='ocrx_word' id='word_1_267' title='bbox 229 3699 378 3740; x_wconf 87' lang='lat' dir='ltr'><strong>vera</strong></span> <span class='ocrx_word' id='word_1_268' title='bbox 431 3689 605 3748; x_wconf 89' lang='lat' dir='ltr'><strong>sunt,</strong></span> <span class='ocrx_word' id='word_1_269' title='bbox 662 3701 813 3760; x_wconf 84' lang='lat' dir='ltr'><strong>quae</strong></span> <span class='ocrx_word' id='word_1_270' title='bbox 872 3682 997 3743; x_wconf 82' lang='lat' dir='ltr'><strong>dixi</strong></span> <span class='ocrx_word' id='word_1_271' title='bbox 1056 3684 1130 3743; x_wconf 89' lang='lat' dir='ltr'><strong>de</strong></span> <span class='ocrx_word' id='word_1_272' title='bbox 1190 3681 1627 3761; x_wconf 83' lang='lat' dir='ltr'><strong>significatione</strong></span> <span class='ocrx_word' id='word_1_273' title='bbox 1686 3699 1813 3741; x_wconf 90' lang='lat' dir='ltr'><strong>voc.</strong></span> <span class='ocrx_word' id='word_1_274' title='bbox 1868 3680 2196 3741; x_wconf 83' lang='lat' dir='ltr'><strong>secernendi</strong></span> <span class='ocrx_word' id='word_1_275' title='bbox 2240 3691 2301 3740; x_wconf 89' lang='lat' dir='ltr'><strong>et</strong></span> <span class='ocrx_word' id='word_1_276' title='bbox 2352 3666 2727 3737; x_wconf 78' lang='lat' dir='ltr'><strong>discernendi·</strong></span> 
     </span>
     <span class='ocr_line' id='line_1_31' title="bbox 230 3764 2713 3853; baseline -0.006 -17"><span class='ocrx_word' id='word_1_277' title='bbox 230 3776 564 3837; x_wconf 86' lang='lat' dir='ltr'><strong>absurdum</strong></span> <span class='ocrx_word' id='word_1_278' title='bbox 609 3787 700 3837; x_wconf 87' lang='lat' dir='ltr'><strong>est</strong></span> <span class='ocrx_word' id='word_1_279' title='bbox 755 3779 957 3839; x_wconf 90' lang='lat' dir='ltr'><strong>dicere</strong></span> <span class='ocrx_word' id='word_1_280' title='bbox 1011 3798 1186 3840; x_wconf 91' lang='lat' dir='ltr'><strong>muro</strong></span> <span class='ocrx_word' id='word_1_281' title='bbox 1235 3780 1298 3839; x_wconf 93' lang='lat' dir='ltr'><strong>id</strong></span> <span class='ocrx_word' id='word_1_282' title='bbox 1341 3778 1474 3838; x_wconf 90' lang='lat' dir='ltr'><strong>fieri</strong></span> <span class='ocrx_word' id='word_1_283' title='bbox 1531 3776 1755 3837; x_wconf 87' lang='lat' dir='ltr'><strong>debere</strong></span> <span class='ocrx_word' id='word_1_284' title='bbox 1823 3775 1982 3853; x_wconf 90' lang='lat' dir='ltr'><strong>quod</strong></span> <span class='ocrx_word' id='word_1_285' title='bbox 2046 3786 2251 3835; x_wconf 90' lang='lat' dir='ltr'><strong>mente</strong></span> <span class='ocrx_word' id='word_1_286' title='bbox 2309 3774 2405 3835; x_wconf 88' lang='lat' dir='ltr'><strong>vel</strong></span> <span class='ocrx_word' id='word_1_287' title='bbox 2461 3764 2713 3829; x_wconf 88' lang='lat' dir='ltr'><strong>consilio</strong></span> 
     </span>
     <span class='ocr_line' id='line_1_32' title="bbox 228 3857 2711 3954; baseline -0.002 -22"><span class='ocrx_word' id='word_1_288' title='bbox 228 3872 580 3933; x_wconf 85' lang='lat' dir='ltr'><strong>faciendum</strong></span> <span class='ocrx_word' id='word_1_289' title='bbox 631 3883 747 3942; x_wconf 82' lang='lat' dir='ltr'><strong>cst:</strong></span> <span class='ocrx_word' id='word_1_290' title='bbox 805 3893 982 3954; x_wconf 92' lang='lat' dir='ltr'><strong>porro</strong></span> <span class='ocrx_word' id='word_1_291' title='bbox 1034 3884 1198 3935; x_wconf 86' lang='lat' dir='ltr'><strong>recte</strong></span> <span class='ocrx_word' id='word_1_292' title='bbox 1235 3874 1644 3952; x_wconf 89' lang='lat' dir='ltr'><strong>interponitur</strong></span> <span class='ocrx_word' id='word_1_293' title='bbox 1692 3872 1871 3931; x_wconf 90' lang='lat' dir='ltr'><strong>illud:</strong></span> <span class='ocrx_word' id='word_1_294' title='bbox 1930 3871 2131 3949; x_wconf 76' lang='lat' dir='ltr'><strong>»quod</strong></span> <span class='ocrx_word' id='word_1_295' title='bbox 2168 3889 2344 3949; x_wconf 81' lang='lat' dir='ltr'><strong>saepe</strong></span> <span class='ocrx_word' id='word_1_296' title='bbox 2388 3869 2507 3927; x_wconf 82' lang='lat' dir='ltr'><strong>iam</strong></span> <span class='ocrx_word' id='word_1_297' title='bbox 2550 3857 2711 3922; x_wconf 79' lang='lat' dir='ltr'><strong>dixi’&#39;</strong></span> 
     </span>
    </p>

    <p class='ocr_par' dir='ltr' id='par_1_6' title="bbox 227 3968 2713 4244">
     <span class='ocr_line' id='line_1_33' title="bbox 227 3968 2712 4051; baseline -0.004 -23"><span class='ocrx_word' id='word_1_298' title='bbox 227 3988 374 4029; x_wconf 89' lang='lat' dir='ltr'><strong>nam</strong></span> <span class='ocrx_word' id='word_1_299' title='bbox 398 3969 526 4029; x_wconf 86' lang='lat' dir='ltr'><strong>sere</strong></span> <span class='ocrx_word' id='word_1_300' title='bbox 549 3970 710 4030; x_wconf 90' lang='lat' dir='ltr'><strong>idem</strong></span> <span class='ocrx_word' id='word_1_301' title='bbox 733 3972 956 4051; x_wconf 85' lang='lat' dir='ltr'><strong>legitur</strong></span> <span class='ocrx_word' id='word_1_302' title='bbox 989 3991 1229 4051; x_wconf 86' lang='lat' dir='ltr'><strong>quoque</strong></span> <span class='ocrx_word' id='word_1_303' title='bbox 1252 3970 1301 4051; x_wconf 50' lang='grc' dir='ltr'>ᾖ</span> <span class='ocrx_word' id='word_1_304' title='bbox 1323 3972 1428 4029; x_wconf 79' lang='lat'><strong>10:</strong></span> <span class='ocrx_word' id='word_1_305' title='bbox 1459 3996 1484 4024; x_wconf 75' lang='lat'><strong>1&gt;</strong></span> <span class='ocrx_word' id='word_1_306' title='bbox 1504 3968 1831 4029; x_wconf 86' lang='lat' dir='ltr'><strong>dummodo</strong></span> <span class='ocrx_word' id='word_1_307' title='bbox 1866 3968 2028 4027; x_wconf 86' lang='lat' dir='ltr'><strong>inter</strong></span> <span class='ocrx_word' id='word_1_308' title='bbox 2060 3986 2157 4026; x_wconf 89' lang='lat' dir='ltr'><strong>me</strong></span> <span class='ocrx_word' id='word_1_309' title='bbox 2198 3976 2379 4044; x_wconf 87' lang='lat' dir='ltr'><strong>atque</strong></span> <span class='ocrx_word' id='word_1_310' title='bbox 2408 3972 2471 4023; x_wconf 90' lang='lat' dir='ltr'><strong>te</strong></span> <span class='ocrx_word' id='word_1_311' title='bbox 2499 3970 2712 4021; x_wconf 79' lang='lat' dir='ltr'><strong>murus</strong></span> 
     </span>
     <span class='ocr_line' id='line_1_34' title="bbox 229 4063 2713 4149; baseline -0.005 -26"><span class='ocrx_word' id='word_1_312' title='bbox 229 4063 546 4133; x_wconf 87' lang='lat' dir='ltr'><strong>intersit,&#39;’</strong></span> <span class='ocrx_word' id='word_1_313' title='bbox 589 4076 650 4125; x_wconf 88' lang='lat' dir='ltr'><strong>et</strong></span> <span class='ocrx_word' id='word_1_314' title='bbox 693 4066 746 4149; x_wconf 54' lang='lat' dir='ltr'><strong>S⁴</strong></span> <span class='ocrx_word' id='word_1_315' title='bbox 784 4068 891 4129; x_wconf 78' lang='lat'><strong>19:</strong></span> <span class='ocrx_word' id='word_1_316' title='bbox 949 4088 1084 4128; x_wconf 79' lang='lat' dir='ltr'><strong>»me</strong></span> <span class='ocrx_word' id='word_1_317' title='bbox 1125 4068 1295 4128; x_wconf 91' lang='lat' dir='ltr'><strong>nullo</strong></span> <span class='ocrx_word' id='word_1_318' title='bbox 1337 4067 1518 4126; x_wconf 89' lang='lat' dir='ltr'><strong>modo</strong></span> <span class='ocrx_word' id='word_1_319' title='bbox 1561 4084 1731 4144; x_wconf 89' lang='lat' dir='ltr'><strong>posse</strong></span> <span class='ocrx_word' id='word_1_320' title='bbox 1777 4064 1990 4124; x_wconf 87' lang='lat' dir='ltr'><strong>iisdem</strong></span> <span class='ocrx_word' id='word_1_321' title='bbox 2033 4063 2365 4143; x_wconf 87' lang='lat' dir='ltr'><strong>parietibus</strong></span> <span class='ocrx_word' id='word_1_322' title='bbox 2400 4067 2537 4121; x_wconf 89' lang='lat' dir='ltr'><strong>tuto</strong></span> <span class='ocrx_word' id='word_1_323' title='bbox 2580 4069 2713 4115; x_wconf 88' lang='lat' dir='ltr'><strong>esse</strong></span> 
     </span>
     <span class='ocr_line' id='line_1_35' title="bbox 230 4151 2711 4244; baseline -0.006 -23"><span class='ocrx_word' id='word_1_324' title='bbox 230 4170 470 4230; x_wconf 90' lang='lat' dir='ltr'><strong>tecum,</strong></span> <span class='ocrx_word' id='word_1_325' title='bbox 523 4162 626 4241; x_wconf 90' lang='lat' dir='ltr'><strong>qui</strong></span> <span class='ocrx_word' id='word_1_326' title='bbox 666 4182 886 4243; x_wconf 83' lang='lat' dir='ltr'><strong>magno</strong></span> <span class='ocrx_word' id='word_1_327' title='bbox 929 4165 991 4224; x_wconf 91' lang='lat' dir='ltr'><strong>in</strong></span> <span class='ocrx_word' id='word_1_328' title='bbox 1037 4166 1303 4244; x_wconf 88' lang='lat' dir='ltr'><strong>periculo</strong></span> <span class='ocrx_word' id='word_1_329' title='bbox 1346 4182 1569 4232; x_wconf 88' lang='lat' dir='ltr'><strong>essem,</strong></span> <span class='ocrx_word' id='word_1_330' title='bbox 1623 4160 1784 4241; x_wconf 89' lang='lat' dir='ltr'><strong>quod</strong></span> <span class='ocrx_word' id='word_1_331' title='bbox 1827 4160 2041 4221; x_wconf 85' lang='lat' dir='ltr'><strong>iisdem</strong></span> <span class='ocrx_word' id='word_1_332' title='bbox 2082 4159 2401 4219; x_wconf 87' lang='lat' dir='ltr'><strong>moenibus</strong></span> <span class='ocrx_word' id='word_1_333' title='bbox 2443 4151 2711 4213; x_wconf 86' lang='lat' dir='ltr'><strong>contine-</strong></span> 
     </span>
    </p>
   </div>
   <div class='ocr_carea' id='block_1_6' title="bbox 229 4244 2713 4626">
    <p class='ocr_par' dir='ltr' id='par_1_7' title="bbox 229 4244 2713 4626">
     <span class='ocr_line' id='line_1_36' title="bbox 231 4244 2710 4341; baseline -0.006 -25"><span class='ocrx_word' id='word_1_334' title='bbox 231 4256 496 4317; x_wconf 87' lang='lat' dir='ltr'><strong>remur.”</strong></span> <span class='ocrx_word' id='word_1_335' title='bbox 577 4278 658 4305; x_wconf 81' lang='grc'><strong>-’-</strong></span> <span class='ocrx_word' id='word_1_336' title='bbox 695 4258 961 4319; x_wconf 85' lang='lat' dir='ltr'><strong>desinant</strong></span> <span class='ocrx_word' id='word_1_337' title='bbox 996 4260 1271 4321; x_wconf 85' lang='lat' dir='ltr'><strong>insidiari</strong></span> <span class='ocrx_word' id='word_1_338' title='bbox 1312 4260 1464 4341; x_wconf 84' lang='lat' dir='ltr'><strong>domi</strong></span> <span class='ocrx_word' id='word_1_339' title='bbox 1499 4276 1636 4319; x_wconf 89' lang='lat' dir='ltr'><strong>suae</strong></span> <span class='ocrx_word' id='word_1_340' title='bbox 1677 4256 1913 4316; x_wconf 84' lang='lat' dir='ltr'><strong>consuli.</strong></span> <span class='ocrx_word' id='word_1_341' title='bbox 1980 4254 2042 4314; x_wconf 89' lang='lat' dir='ltr'><strong>Si</strong></span> <span class='ocrx_word' id='word_1_342' title='bbox 2087 4253 2295 4313; x_wconf 88' lang='lat' dir='ltr'><strong>Cicero</strong></span> <span class='ocrx_word' id='word_1_343' title='bbox 2336 4251 2487 4311; x_wconf 88' lang='lat' dir='ltr'><strong>haec</strong></span> <span class='ocrx_word' id='word_1_344' title='bbox 2529 4244 2710 4323; x_wconf 90' lang='lat' dir='ltr'><strong>scrip-</strong></span> 
     </span>
     <span class='ocr_line' id='line_1_37' title="bbox 230 4346 2711 4415; baseline -0.004 -6"><span class='ocrx_word' id='word_1_345' title='bbox 230 4352 412 4410; x_wconf 86' lang='lat' dir='ltr'><strong>sisset</strong></span> <span class='ocrx_word' id='word_1_346' title='bbox 463 4353 592 4414; x_wconf 87' lang='lat' dir='ltr'><strong>sine</strong></span> <span class='ocrx_word' id='word_1_347' title='bbox 649 4354 836 4414; x_wconf 89' lang='lat' dir='ltr'><strong>dubio</strong></span> <span class='ocrx_word' id='word_1_348' title='bbox 880 4354 1174 4415; x_wconf 88' lang='lat' dir='ltr'><strong>dedisset:</strong></span> <span class='ocrx_word' id='word_1_349' title='bbox 1237 4353 1505 4414; x_wconf 84' lang='lat' dir='ltr'><strong>desinant</strong></span> <span class='ocrx_word' id='word_1_350' title='bbox 1547 4352 1771 4411; x_wconf 86' lang='lat' dir='ltr'><strong>consuli</strong></span> <span class='ocrx_word' id='word_1_351' title='bbox 1821 4350 1975 4409; x_wconf 86' lang='lat' dir='ltr'><strong>domi</strong></span> <span class='ocrx_word' id='word_1_352' title='bbox 2012 4368 2149 4410; x_wconf 87' lang='lat' dir='ltr'><strong>suae</strong></span> <span class='ocrx_word' id='word_1_353' title='bbox 2198 4346 2473 4409; x_wconf 81' lang='lat' dir='ltr'><strong>insidiari</strong></span> <span class='ocrx_word' id='word_1_354' title='bbox 2482 4366 2503 4414; x_wconf 90' lang='lat'><em>;</em></span> <span class='ocrx_word' id='word_1_355' title='bbox 2548 4357 2711 4402; x_wconf 88' lang='lat' dir='ltr'><strong>nunc</strong></span> 
     </span>
     <span class='ocr_line' id='line_1_38' title="bbox 229 4435 2713 4531; baseline -0.004 -27"><span class='ocrx_word' id='word_1_356' title='bbox 229 4446 398 4505; x_wconf 88' lang='lat' dir='ltr'><strong>enim</strong></span> <span class='ocrx_word' id='word_1_357' title='bbox 441 4466 564 4511; x_wconf 85' lang='lat' dir='ltr'><strong>non</strong></span> <span class='ocrx_word' id='word_1_358' title='bbox 605 4451 986 4531; x_wconf 86' lang='lat' dir='ltr'><strong>perspicuum</strong></span> <span class='ocrx_word' id='word_1_359' title='bbox 1030 4461 1120 4511; x_wconf 88' lang='lat' dir='ltr'><strong>est</strong></span> <span class='ocrx_word' id='word_1_360' title='bbox 1161 4450 1336 4510; x_wconf 79' lang='lat' dir='ltr'><strong>cuius</strong></span> <span class='ocrx_word' id='word_1_361' title='bbox 1371 4452 1584 4518; x_wconf 87' lang='lat' dir='ltr'><strong>domus</strong></span> <span class='ocrx_word' id='word_1_362' title='bbox 1621 4448 1937 4508; x_wconf 82' lang='lat' dir='ltr'><strong>indicetur.</strong></span> <span class='ocrx_word' id='word_1_363' title='bbox 2021 4482 2103 4491; x_wconf 89' lang='lat'>—</span> <span class='ocrx_word' id='word_1_364' title='bbox 2136 4446 2394 4507; x_wconf 85' lang='lat' dir='ltr'><strong>tribunal</strong></span> <span class='ocrx_word' id='word_1_365' title='bbox 2423 4435 2713 4522; x_wconf 80' lang='lat' dir='ltr'><strong>praetoris</strong></span> 
     </span>
     <span class='ocr_line' id='line_1_39' title="bbox 229 4532 2713 4626; baseline -0.001 -28"><span class='ocrx_word' id='word_1_366' title='bbox 229 4540 464 4601; x_wconf 85' lang='lat' dir='ltr'><strong>urbani.</strong></span> <span class='ocrx_word' id='word_1_367' title='bbox 529 4542 648 4605; x_wconf 87' lang='lat' dir='ltr'><strong>Cur</strong></span> <span class='ocrx_word' id='word_1_368' title='bbox 681 4545 974 4624; x_wconf 82' lang='lat' dir='ltr'><strong>praetoris</strong></span> <span class='ocrx_word' id='word_1_369' title='bbox 1005 4545 1218 4607; x_wconf 80' lang='lat' dir='ltr'><strong>urbani</strong></span> <span class='ocrx_word' id='word_1_370' title='bbox 1259 4565 1366 4626; x_wconf 89' lang='lat' dir='ltr'><strong>per</strong></span> <span class='ocrx_word' id='word_1_371' title='bbox 1409 4546 1859 4606; x_wconf 83' lang='lat' dir='ltr'><strong>excellentiam.</strong></span> <span class='ocrx_word' id='word_1_372' title='bbox 1844 4544 1867 4589; x_wconf 65' lang='grc'>7</span> <span class='ocrx_word' id='word_1_373' title='bbox 1950 4578 2031 4588; x_wconf 90' lang='lat'><strong>—-</strong></span> <span class='ocrx_word' id='word_1_374' title='bbox 2064 4542 2317 4603; x_wconf 82' lang='lat' dir='ltr'><strong>obsidere</strong></span> <span class='ocrx_word' id='word_1_375' title='bbox 2346 4558 2472 4600; x_wconf 85' lang='lat' dir='ltr'><strong>cum</strong></span> <span class='ocrx_word' id='word_1_376' title='bbox 2498 4532 2713 4615; x_wconf 73' lang='lat' dir='ltr'><strong>9ladii8</strong></span> 
     </span>
    </p>
   </div>
   <div class='ocr_carea' id='block_1_7' title="bbox 232 4624 2739 4914">
    <p class='ocr_par' dir='ltr' id='par_1_8' title="bbox 232 4624 2739 4914">
     <span class='ocr_line' id='line_1_40' title="bbox 232 4624 2712 4723; baseline -0.004 -29"><span class='ocrx_word' id='word_1_377' title='bbox 232 4634 477 4695; x_wconf 86' lang='lat' dir='ltr'><strong>curiam.</strong></span> <span class='ocrx_word' id='word_1_378' title='bbox 561 4638 687 4701; x_wconf 89' lang='lat' dir='ltr'><strong>Hoc</strong></span> <span class='ocrx_word' id='word_1_379' title='bbox 729 4642 848 4702; x_wconf 88' lang='lat' dir='ltr'><strong>dici</strong></span> <span class='ocrx_word' id='word_1_380' title='bbox 897 4662 1020 4703; x_wconf 89' lang='lat' dir='ltr'><strong>non</strong></span> <span class='ocrx_word' id='word_1_381' title='bbox 1065 4650 1264 4723; x_wconf 83' lang='lat' dir='ltr'><strong>potest</strong></span> <span class='ocrx_word' id='word_1_382' title='bbox 1307 4660 1442 4721; x_wconf 90' lang='lat' dir='ltr'><strong>pro:</strong></span> <span class='ocrx_word' id='word_1_383' title='bbox 1501 4641 1822 4702; x_wconf 76' lang='lat' dir='ltr'><strong>»obsidere</strong></span> <span class='ocrx_word' id='word_1_384' title='bbox 1866 4659 2002 4701; x_wconf 89' lang='lat' dir='ltr'><strong>cum</strong></span> <span class='ocrx_word' id='word_1_385' title='bbox 2042 4637 2391 4699; x_wconf 89' lang='lat' dir='ltr'><strong>hominibus</strong></span> <span class='ocrx_word' id='word_1_386' title='bbox 2434 4624 2712 4693; x_wconf 85' lang='lat' dir='ltr'><strong>armatis&#39;’</strong></span> 
     </span>
     <span class='ocr_line' id='line_1_41' title="bbox 233 4724 2739 4818; baseline -0.004 -28"><span class='ocrx_word' id='word_1_387' title='bbox 233 4730 571 4797; x_wconf 88' lang='lat' dir='ltr'><strong>Dicendum</strong></span> <span class='ocrx_word' id='word_1_388' title='bbox 635 4737 849 4798; x_wconf 81' lang='lat' dir='ltr'><strong>fuisset</strong></span> <span class='ocrx_word' id='word_1_389' title='bbox 897 4739 1061 4817; x_wconf 92' lang='lat' dir='ltr'><strong>quod</strong></span> <span class='ocrx_word' id='word_1_390' title='bbox 1111 4738 1313 4818; x_wconf 89' lang='lat' dir='ltr'><strong>posuit</strong></span> <span class='ocrx_word' id='word_1_391' title='bbox 1366 4736 1503 4798; x_wconf 83' lang='lat' dir='ltr'><strong>Sall.</strong></span> <span class='ocrx_word' id='word_1_392' title='bbox 1548 4736 1610 4797; x_wconf 90' lang='lat' dir='ltr'><strong>B.</strong></span> <span class='ocrx_word' id='word_1_393' title='bbox 1664 4737 1723 4797; x_wconf 90' lang='lat' dir='ltr'><strong>C.</strong></span> <span class='ocrx_word' id='word_1_394' title='bbox 1749 4739 1863 4799; x_wconf 92' lang='grc'><strong>49.</strong></span> <span class='ocrx_word' id='word_1_395' title='bbox 1916 4738 2059 4798; x_wconf 90' lang='lat' dir='ltr'><strong>licet</strong></span> <span class='ocrx_word' id='word_1_396' title='bbox 2110 4736 2360 4796; x_wconf 88' lang='lat' dir='ltr'><strong>consilio</strong></span> <span class='ocrx_word' id='word_1_397' title='bbox 2412 4724 2739 4802; x_wconf 23' lang='lat' dir='ltr'><strong>contrario,</strong></span> 
     </span>
     <span class='ocr_line' id='line_1_42' title="bbox 234 4816 2711 4914; baseline -0.003 -27"><span class='ocrx_word' id='word_1_398' title='bbox 234 4827 442 4892; x_wconf 86' lang='lat' dir='ltr'><strong>fieret:</strong></span> <span class='ocrx_word' id='word_1_399' title='bbox 507 4857 533 4887; x_wconf 71' lang='lat' dir='ltr'><strong>n</strong></span> <span class='ocrx_word' id='word_1_400' title='bbox 553 4833 656 4914; x_wconf 90' lang='lat' dir='ltr'><strong>qui</strong></span> <span class='ocrx_word' id='word_1_401' title='bbox 705 4835 989 4914; x_wconf 81' lang='lat' dir='ltr'><strong>praesidii</strong></span> <span class='ocrx_word' id='word_1_402' title='bbox 1039 4854 1216 4898; x_wconf 85' lang='lat' dir='ltr'><strong>causa</strong></span> <span class='ocrx_word' id='word_1_403' title='bbox 1265 4852 1393 4898; x_wconf 84' lang='lat' dir='ltr'><strong>cwm</strong></span> <span class='ocrx_word' id='word_1_404' title='bbox 1436 4834 1566 4898; x_wconf 84' lang='lat' dir='ltr'><strong>telis</strong></span> <span class='ocrx_word' id='word_1_405' title='bbox 1615 4842 1780 4896; x_wconf 85' lang='lat' dir='ltr'><strong>erant</strong></span> <span class='ocrx_word' id='word_1_406' title='bbox 1828 4835 2045 4897; x_wconf 85' lang='lat' dir='ltr'><strong>circum</strong></span> <span class='ocrx_word' id='word_1_407' title='bbox 2084 4834 2279 4895; x_wconf 82' lang='lat' dir='ltr'><strong>aedem</strong></span> <span class='ocrx_word' id='word_1_408' title='bbox 2318 4816 2711 4890; x_wconf 55' lang='lat' dir='ltr'><strong>Concordiae?</strong></span> 
     </span>
    </p>
   </div>
   <div class='ocr_carea' id='block_1_8' title="bbox 2264 4944 2302 5007">
    <p class='ocr_par' dir='ltr' id='par_1_9' title="bbox 2264 4944 2302 5007">
     <span class='ocr_line' id='line_1_43' title="bbox 2264 4944 2302 5007; baseline 0 0"><span class='ocrx_word' id='word_1_409' title='bbox 2264 4944 2302 5007; x_wconf 83' lang='lat'><em>7</em></span> 
     </span>
    </p>
   </div>
  </div>
 </body>
</html>
