3375 5500
619 409 776 454 XXVI

623 597 924 664 dixisset!
1017 595 1164 660 Iam
1209 613 1362 661 vero
1407 590 1636 657 Cicero
1681 587 1933 656 solebat
1978 586 2239 653 mittere
2280 586 2605 654 orationes
2649 611 2801 656 suas
2852 588 2940 655 ad
2988 589 3116 656 At-

617 718 822 782 ticum
881 712 1154 780 simulac
1217 713 1427 778 otium
1487 715 1718 776 nactus
1786 712 1925 774 erat
1978 714 2056 772 ut
2100 728 2207 772 eas
2252 706 2673 792 perscriberet
2736 712 2867 793 ¹²⁸)
2892 756 2914 786 ‚
2973 731 3113 774 non

623 834 910 900 triennio
952 839 1122 918 post.

707 951 889 1019 Quid
937 951 1064 1017 sibi
1103 948 1310 1016 velint
1357 947 1518 1016 haec
1571 949 1837 1014 ultima:
1901 973 1938 1006 ιι
1958 953 2075 1012 aut
2126 967 2211 1012 ne
2253 946 2687 1032 poposcisses;
2752 969 2880 1031 ego
2934 948 3114 1015 enim

613 1071 736 1137 tibi
778 1093 884 1138 me
924 1093 1061 1137 non
1093 1067 1509 1147 offerebam'',
1556 1074 1623 1135 et
1659 1065 1989 1153 quomodo
2024 1066 2417 1132 cohaereant
2450 1088 2602 1133 cum
2622 1067 3079 1152 superioribus
3092 1117 3113 1148 ,

613 1191 894 1258 libenter
937 1191 1148 1257 fateor
1191 1207 1298 1253 me
1339 1187 1608 1254 nescire.
1700 1185 1957 1253 Quodsi
2006 1185 2169 1251 alios
2215 1185 2423 1264 locos,
2458 1187 2573 1253 ubi
2606 1187 2840 1254 Cicero
2880 1188 3114 1254 scribit

616 1310 701 1374 ad
747 1309 1044 1376 Atticum
1084 1307 1189 1374 vel
1235 1307 1320 1373 ad
1357 1306 1520 1372 alios
1567 1305 1650 1371 de
1692 1304 1945 1390 scriptis
1988 1303 2125 1369 suis
2142 1351 2164 1382 ,
2192 1324 2344 1370 cum
2370 1305 2493 1371 hoc
2520 1306 2667 1373 loco
2696 1307 3113 1392 comparabi--

613 1449 760 1494 mus
801 1431 924 1514 ¹²⁹)
948 1475 968 1506 ,
1011 1427 1085 1492 in
1129 1425 1350 1512 aprico
1393 1430 1492 1490 est
1527 1445 1677 1491 eum
1718 1443 2077 1507 numquam
2122 1421 2368 1489 insulso
2396 1422 2595 1490 modo
2612 1425 2923 1494 indicare
2948 1427 3112 1511 quid

614 1546 748 1612 suis
805 1545 988 1611 libris
1057 1544 1496 1611 contineatur.
1587 1543 1934 1610 Praeterea
1988 1542 2303 1610 intererat
2369 1543 2573 1629 ipsius
2630 1545 2977 1612 Ciceronis
3037 1554 3114 1613 ut

615 1625 728 1732 ege
767 1665 1094 1732 orationes
1108 1710 1131 1743 ,
1170 1662 1550 1751 praesertim
1591 1661 1674 1728 de
1720 1661 1865 1746 lege
1906 1661 2156 1746 agraria
2182 1667 2250 1734 et
2276 1662 2349 1726 in
2377 1660 2731 1728 Catilinam
2748 1710 2770 1741 ,
2820 1671 3112 1749 quanto-

613 1785 752 1851 cius
817 1783 1200 1863 ederentur3
1263 1782 1460 1868 vulgo
1525 1780 1705 1850 enim
1738 1779 1809 1846 id
1860 1781 2121 1848 obtinet
2174 1779 2248 1845 in
2316 1781 2753 1860 orationibus,
2804 1803 2984 1867 quae
3041 1784 3113 1848 in

617 1907 866 1970 Senatu
910 1903 1016 1970 vel
1059 1903 1134 1967 in
1183 1902 1492 1968 contione
1536 1900 1895 1976 habentur,
1937 1906 2017 1966 ut
2050 1900 2197 1985 plus
2238 1900 2522 1968 habeant
2576 1901 2995 1968 auctoritatis
3042 1907 3109 1968 et

613 2021 865 2087 avidius
930 2021 1230 2106 legantur
1274 2020 1472 2106 paulo
1528 2025 1679 2105 post
1728 2039 1923 2102 quam
1974 2017 2189 2084 dictae
2234 2025 2392 2085 sunt
2404 2045 2429 2100 3
2494 2019 2671 2104 quod
2718 2020 2791 2085 in
2847 2021 3109 2086 nullam

613 2162 874 2206 causam
915 2139 1122 2224 magis
1171 2137 1350 2206 cadit
1397 2159 1594 2223 quam
1637 2138 1713 2202 in
1760 2137 1930 2203 hanc
1980 2136 2471 2217 Catilinariam3
2514 2144 2675 2208 tunc
2720 2138 2929 2208 etiam
2974 2162 3107 2224 quo

614 2265 907 2346 tempore
951 2259 1076 2325 hae
1121 2257 1451 2326 orationes
1489 2255 1576 2323 ad
1619 2255 1920 2324 Atticum
1963 2255 2201 2324 missae
2240 2277 2383 2324 esse
2424 2256 2733 2326 dicuntur
2760 2259 2836 2324 in
2880 2266 3111 2326 nostra

615 2378 889 2462 epistola
903 2424 925 2455 ,
967 2378 1102 2442 iam
1142 2377 1456 2461 flagrabat
1499 2375 1748 2443 invidia
1791 2374 1909 2440 illa
1926 2423 1946 2449 ,
1990 2397 2189 2460 quam
2231 2376 2461 2443 Cicero
2510 2378 2851 2446 metuebat
2893 2379 3105 2446 maxi-

612 2515 751 2574 me,
795 2515 1121 2581 quamque
1170 2494 1575 2562 orationibus
1617 2494 1751 2560 illis
1798 2493 2065 2560 edendis
2109 2517 2247 2562 non
2292 2501 2434 2562 erat
2476 2497 2827 2583 sopitums.

701 2615 998 2694 Accedit,
1030 2614 1228 2701 quod,
1253 2614 1420 2680 mihi
1441 2612 1709 2700 quidem
1732 2611 1961 2680 Cicero
1982 2614 2116 2680 iam
2133 2619 2331 2682 antea
2347 2615 2431 2680 ad
2446 2615 2745 2682 Atticum
2764 2615 3103 2684 orationes

578 2792 581 2799 .
613 2736 686 2801 in
737 2734 1084 2803 consulatu
1127 2733 1382 2801 habitas
1427 2732 1686 2801 videtur
1728 2731 2008 2801 misisse.
2098 2734 2329 2802 Quum
2378 2734 2551 2803 enim
2599 2735 2673 2801 in
2727 2732 3103 2803 orationem

616 2856 1032 2923 Metellinam
1091 2854 1318 2923 Attico
1377 2876 1517 2921 non
1583 2854 1881 2939 ignotam
1934 2875 2005 2920 se
2058 2853 2377 2939 quaedam
2425 2853 2749 2921 addidisse
2794 2854 3063 2939 scripsit
3079 2902 3100 2932 ,

615 2974 928 3042 indicavit
983 2974 1282 3042 Atticum
1315 2974 1398 3041 de
1441 2973 1586 3040 aliis
1629 2972 2035 3041 orationibus
2075 2972 2201 3041 sibi
2234 2972 2449 3041 missis
2494 2974 2629 3039 iam
2662 2973 3099 3058 rescripsisse:

621 3122 658 3157 ιι
677 3118 846 3181 quae
872 3095 1100 3161 laudas
1129 3116 1210 3160 ex
1235 3095 1638 3162 orationibus
1655 3142 1678 3175 ‚
1714 3094 1879 3163 mihi
1906 3092 2097 3161 crede
2108 3138 2131 3171 ,
2168 3091 2355 3159 valde
2380 3092 2545 3159 mihi
2572 3093 2957 3177 placebant,
2984 3093 3101 3189 sed

617 3235 753 3279 non
811 3212 1132 3280 audebam
1189 3218 1382 3281 antea
1437 3213 1650 3281 dicere
1667 3262 1690 3293 ,
1748 3234 1925 3280 nunc
1977 3230 2129 3278 vero
2181 3210 2358 3296 quod
2404 3234 2447 3278 a
2492 3217 2563 3281 te
2610 3212 2887 3298 probata
2944 3217 3101 3279 sunt

617 3334 829 3399 multo
871 3333 1039 3397 mihi
1083 3332 1477 3417 ἅττικώτεραι
1523 3332 1871 3402 videntur'’
1920 3343 1941 3383 ¹
1954 3335 2045 3417 ³⁰)
2069 3356 2091 3411 ,·
2132 3353 2303 3416 quae
2338 3338 2416 3401 ut
2454 3330 2537 3399 de
2576 3312 2985 3401 orationibus
3027 3326 3098 3395 in

615 3453 965 3519 consulatu
1017 3450 1259 3519 habitis
1315 3452 1491 3520 dieta
1539 3459 1765 3539 putem
1778 3500 1800 3531 ,
1844 3459 1989 3519 tum
2028 3450 2319 3519 efficiunt
2368 3451 2485 3517 illa
2520 3473 2691 3539 quae
2730 3452 3095 3521 adduntur:

622 3598 660 3632 ιι
682 3571 756 3637 in
797 3572 982 3637 illam
1017 3572 1436 3639 Metellinam
1467 3572 1693 3637 addidi
1735 3569 2138 3657 quaedam'’,-
2155 3575 2303 3637 tum
2350 3570 2532 3639 locus
2576 3592 2658 3639 ex
2696 3571 2977 3656 epistola
3014 3572 3097 3635 14

615 3690 911 3759 eiusdem
965 3691 1120 3758 libri
1159 3693 1237 3771 1,
1298 3693 1402 3757 Ιᾶ.
1465 3691 1654 3758 Febr.
1711 3692 1811 3757 M·.
1874 3690 2162 3757 Messala
2224 3690 2323 3755 M.
2390 3688 2633 3759 Pisone
2694 3711 2858 3757 coss.
2911 3690 3093 3757 data:

621 3838 660 3873 ιι
677 3814 952 3882 Crassus
1005 3819 1428 3900 posteaquam
1483 3811 1647 3879 vidit
1687 3812 1879 3879 illum
1931 3812 2257 3897 excepisse
2308 3809 2571 3879 laudem
2622 3830 2701 3875 ex
2744 3830 2861 3887 ec,
2914 3806 3095 3894 quod

677 4066 764 4135 ¹²8)
799 4069 885 4120 Sic
919 4084 968 4120 v.
1003 4085 1047 4120 c.
1083 4069 1260 4121 Cicero
1289 4071 1462 4134 primis
1489 4071 1668 4121 litteris
1698 4086 1823 4135 quas
1852 4069 2027 4121 Attico
2042 4069 2181 4120 dedit
2198 4067 2313 4135 (IV.
2335 4066 2387 4129 2)
2406 4068 2554 4135 (quae
2571 4081 2632 4121 eo
2648 4074 2873 4133 tempore
2891 4070 3101 4121 rariores

607 4155 673 4205 ab
702 4167 763 4205 eo
790 4151 1058 4219 dabantur)
1085 4160 1349 4219 postquam
1375 4155 1441 4206 de
1463 4156 1614 4206 domo
1631 4157 1771 4221 apud
1798 4154 2069 4206 Pontifices
2084 4154 2282 4205 dixerat
2295 4188 2311 4217 ,
2338 4154 2507 4205 scribit
2522 4168 2577 4205 se
2592 4154 2693 4204 cito
2708 4154 2981 4205 missurum
2996 4167 3103 4203 ora·

608 4240 826 4299 tionem,
851 4239 1084 4304 quamvis
1117 4237 1316 4289 Atticus
1345 4253 1460 4290 eam
1500 4237 1604 4291 no‘n
1622 4240 1943 4292 desideraret.
1978 4238 2273 4291 Orationem
2288 4246 2464 4289 contra
2478 4239 2764 4290 contionem
2781 4238 3099 4290 Metellinam

607 4322 836 4375 habitam
868 4323 1014 4375 initio
1047 4337 1094 4375 a.
1125 4338 1176 4374 u.
1212 4338 1257 4375 c.
1289 4324 1390 4375 692
1427 4325 1673 4391 promittit
1706 4340 1760 4378 se
1795 4325 2065 4377 missurum
2098 4338 2146 4373 a.
2184 4323 2236 4373 d.
2272 4323 2354 4375 VI
2386 4324 2505 4375 Kal.
2541 4322 2691 4375 Febr.
2727 4336 2775 4372 a.
2811 4336 2862 4373 u.
2898 4337 2943 4374 c.
2981 4324 3098 4370 693.

607 4407 674 4457 ad
707 4407 820 4458 Att.
857 4408 901 4459 1.
945 4411 1022 4459 14.
1059 4408 1086 4473 5
1122 4412 1171 4458 5.

676 4487 764 4557 ¹2⁹)
799 4507 848 4543 v.
883 4507 932 4544 c.
976 4490 1081 4545 Cic.
1131 4494 1196 4545 ad
1231 4492 1344 4547 Att.
1393 4497 1437 4547 1.
1483 4501 1560 4547 13.
1597 4497 1623 4563 5
1661 4502 1709 4548 5.
1758 4498 1859 4549 ΠΙ.
1913 4500 1991 4545 12.
2038 4494 2065 4559 §
2101 4499 2147 4543 2.
2198 4494 2295 4547 IV.
2334 4496 2380 4543 2.
2422 4493 2447 4562 β
2480 4498 2526 4543 2.
2578 4490 2733 4545 XIII.
2774 4497 2856 4543 21.
2894 4492 3009 4557 §4,
3048 4494 3095 4537 5.

610 4574 766 4628 XVI.
800 4576 1277 4643 3.§1‚11.§4.

678 4654 764 4724 1⁵⁰)
799 4658 902 4712 cic.
941 4660 1006 4713 ad
1041 4660 1150 4713 Att.
1188 4661 1232 4715 1.
1279 4666 1356 4713 13.
1394 4663 1420 4727 5
1457 4668 1504 4715 5.
