3375 5500
248 4584 252 4592 .
329 4536 460 4607 Hic,
493 4538 588 4599 hic
618 4546 750 4601 suut

1467 403 1548 465 19

283 609 371 683 ad
411 606 704 682 salutem
751 626 960 700 quam
1003 607 1072 675 te
1118 603 1208 676 ad
1248 603 1617 701 perniciem
1659 605 2095 705 reipublicae.
2197 613 2373 688 Dico
2408 621 2477 690 te
2508 618 2729 715 priore

279 742 478 810 nocte
515 732 778 807 venisse
814 731 992 804 inter
1030 731 1342 806 falcarios
1383 739 1550 824 (non
1593 759 1798 833 agam
1842 736 2159 833 obscure)
2203 741 2275 814 in
2320 745 2423 818 M.
2465 746 2725 820 Laecae

280 865 607 950 domum;
670 859 1062 935 convenisse
1116 860 1360 932 eodem
1407 862 1792 960 complures
1836 864 2146 940 eiusdem
2196 872 2532 945 amentiae
2582 899 2723 947 sce-

277 992 573 1090 lerisque
619 989 855 1063 socios,
947 989 1142 1061 Num
1193 1013 1443 1088 negare
1491 990 1759 1065 audes?
1849 993 2043 1072 Quid
2094 1000 2335 1072 taces?
2428 1000 2725 1076 Convin.

273 1145 463 1207 cam,
535 1118 594 1192 si
654 1142 902 1215 negas3
971 1116 1129 1189 vido
1177 1117 1384 1213 enim,
1431 1118 1542 1192 hic
1588 1121 1686 1212 22)
1754 1119 1826 1192 in
1884 1129 2127 1196 senatu
2188 1127 2563 1223 quosdam,
2606 1130 2730 1227 qui

276 1255 510 1323 tecum
543 1270 684 1319 una
718 1244 1017 1319 fuerunt.
1098 1249 1164 1319 9.
1219 1245 1282 1317 O
1317 1245 1412 1318 dii
1439 1247 1536 1338 22)
1582 1247 2037 1323 immortales!
2084 1251 2373 1328 ubinam
2412 1257 2728 1354 gentium

275 1376 569 1450 sumus?
599 1398 812 1472 quam
837 1372 1336 1471 rempublicam
1375 1374 1763 1450 habemus?
1792 1377 1865 1449 in
1903 1402 2043 1476 qua
2072 1380 2243 1453 urbe
2268 1381 2560 1458 vivimus
2578 1387 2727 1477 24)Ρ

270 1504 414 1577 Hic
437 1562 456 1591 ,
520 1501 630 1574 hic
685 1507 884 1588 sunt,
955 1507 1190 1574 nostro
1257 1501 1331 1574 in
1389 1526 1678 1577 numero
1717 1505 1814 1597 25)
1841 1564 1860 1593 ,
1925 1512 2155 1604 patres
2202 1511 2606 1610 conscripti,
2657 1514 2730 1588 in

270 1633 402 1705 hoc
465 1628 649 1703 orbis
710 1635 926 1702 terrae
1001 1629 1430 1703 sanctissimo
1491 1631 2033 1730 gravissimoque
2090 1636 2371 1711 consilio
2391 1698 2410 1726 ,
2470 1640 2593 1738 qui
2640 1641 2727 1715 de

272 1766 504 1832 nostro
582 1755 894 1830 omnium
963 1756 1280 1844 interitu,
1361 1756 1490 1856 qui·
1561 1758 1646 1830 de
1719 1759 1926 1833 huius
2010 1761 2201 1835 urbis
2279 1773 2486 1863 atque
2552 1769 2723 1841 adeo

272 1887 454 1961 orbis
521 1885 617 1976 26)
689 1891 1028 1958 terrarum
1109 1884 1318 1958 exitio
1397 1885 1724 1982 cogitent.
1848 1887 2081 1962 Hosce
2144 1892 2241 1980 27)
2324 1918 2454 1992 ego
2528 1895 2725 1969 video

272 2012 508 2088 consul
550 2015 647 2104 28)
730 2022 801 2087 et
861 2015 947 2088 de
1018 2014 1370 2113 republica
1429 2015 1844 2090 sententiam
1906 2041 2109 2115 rog0,
2178 2026 2249 2092 et
2314 2045 2487 2119 quos
2548 2022 2725 2096 ferro

277 2140 600 2214 trucidari
647 2141 1050 2239 oportebat,
1101 2167 1217 2216 eos
1264 2142 1578 2217 nondum
1631 2169 1793 2218 voce
1838 2147 2137 2221 vulnero,
2240 2149 2464 2223 Fuisti
2511 2152 2727 2249 igitur

281 2271 463 2369 apud
512 2270 807 2344 Laecam
862 2271 981 2346 illa
1025 2279 1262 2359 nocte,
1313 2271 1651 2359 Catilina;
1706 2272 2122 2348 distribuisti
2176 2286 2405 2376 partes
2452 2281 2728 2355 Italiae:

277 2397 615 2485 statuisti,
687 2423 825 2497 quo
893 2424 1240 2498 quemque
1305 2399 1642 2497 proficisci
1712 2401 2054 2499 placeret3
2129 2405 2482 2505 delegisti,
2554 2436 2727 2508 quos

361 2525 424 2594 ²²)
460 2543 565 2580 esse
598 2529 698 2578 hic.
857 2527 920 2596 25)
954 2532 1022 2581 di.
1181 2527 1244 2596 ²⁴)
1295 2531 1350 2582 in
1400 2547 1501 2597 qua
1553 2531 1675 2582 urbe
1728 2533 1979 2590 vivimus?
2030 2551 2185 2600 quam
2236 2553 2393 2602 remp.
2448 2540 2703 2592 habemus.

298 2611 359 2679 ²5)
395 2614 448 2663 in
485 2618 652 2662 nostro
688 2629 912 2664 numero.
1053 2611 1115 2680 ²5)
1151 2617 1214 2665 de
1247 2615 1396 2665 orbis,
1536 2612 1600 2684 ²⁷)
1635 2617 1746 2666 hos.
1886 2615 1949 2685 28)
1986 2620 2227 2686 [consul]-

268 2803 628 2881 supcriorem.
728 2800 888 2863 Haec
946 2806 1130 2865 verba
1193 2825 1398 2866 ansam
1454 2807 1866 2886 praebuerunt
1922 2812 2130 2872 multis
2180 2813 2611 2893 interpretibus
2670 2824 2738 2874 ut

265 2902 597 2961 orationem
646 2901 916 2961 habitam
969 2919 1097 2960 esse
1151 2901 1590 2961 contenderent
1636 2922 1669 2961 a
1722 2903 1776 2962 d.
1834 2902 1926 2964 VI.
1972 2905 2055 2966 Id.
2102 2907 2249 2969 Nov.
2304 2909 2360 2989 (8
2403 2909 2587 2991 Nov.).
2640 2910 2739 2971 Sic

265 2999 424 3057 enim
467 3006 990 3078 argumentantur:
1034 2996 1083 3054 si
1129 2994 1385 3055 Senatus
1425 2994 1670 3056 habitus
1716 3008 1871 3058 esset
1919 3020 1967 3059 a.
2008 3002 2063 3061 d.
2111 3001 2230 3063 VII.
2276 3004 2359 3065 Id.
2398 3004 2570 3076 Nov.‚
2613 3026 2735 3067 non

266 3103 500 3171 poterat
557 3112 839 3162 eanax,
895 3110 1050 3172 quae
1098 3092 1259 3151 hunc
1317 3093 1477 3152 diem
1522 3094 1875 3163 antecessit,
1918 3094 2037 3156 dici
2087 3097 2197 3157 illa
2258 3119 2377 3160 nox
2434 3103 2735 3182 superior:

265 3200 572 3267 praeterea
638 3198 841 3249 orator
905 3189 1059 3248 dixit
1121 3188 1169 3269 ἓ
1227 3190 1280 3249 1.
1341 3208 1404 3249 se
1469 3190 1623 3249 scire
1688 3191 1838 3270 quid
1902 3192 2154 3254 Catilina
2221 3197 2529 3276 promima,
2588 3199 2737 3278 quid

263 3284 548 3363 superiore
589 3294 764 3344 nocte
808 3286 1046 3363 egisset.
1089 3320 1170 3329 —-
1212 3283 1378 3344 Hanc
1415 3286 1785 3364 opinionem,
1830 3298 1898 3348 ut
1933 3290 2081 3349 mihi
2126 3291 2425 3371 blandior,
2464 3294 2606 3354 satis
2642 3314 2733 3355 re-

263 3382 384 3441 selli
431 3384 494 3441 in
530 3377 984 3443 Introductione
1026 3390 1156 3441 tum
1199 3400 1274 3441 ex
1311 3381 1593 3451 Asconio,
1635 3393 1767 3443 tum
1804 3384 1935 3444 aliis
1972 3388 2357 3465 argumentis.
2443 3388 2561 3449 Cur
2588 3409 2733 3451 vero

262 3478 465 3539 Cicero
516 3478 687 3558 quasi
735 3477 810 3537 de
854 3478 1087 3537 duabus
1135 3479 1258 3537 scil.
1304 3479 1582 3538 noctibus
1627 3481 1917 3559 loquutus
1966 3493 2125 3543 esset
2168 3504 2291 3544 non
2332 3487 2449 3546 nisi
2492 3487 2568 3546 de
2610 3507 2731 3548 una

264 3585 546 3655 exponat,
583 3576 669 3635 sic
713 3576 1047 3653 explicatur
1089 3575 1163 3635 ab
1209 3574 1467 3635 Halmio:
1514 3594 1671 3635 »von
1716 3576 1827 3636 der
1868 3596 1984 3637 ηοω
2012 3580 2283 3656 prooeima
2318 3579 2389 3661 (S.
2418 3581 2465 3661 5
2500 3583 2557 3663 1)
2595 3594 2729 3662 sagt

261 3671 366 3730 der
400 3670 644 3731 Redner
685 3670 911 3740 nichts,
957 3672 1114 3732 ohne
1153 3671 1430 3740 Zweisel,
1473 3673 1615 3731 weil
1651 3691 1721 3731 er
1757 3673 2019 3733 dariiber
2053 3675 2253 3735 nichts
2288 3677 2616 3738 besonders
2652 3699 2727 3739 zu

259 3786 437 3849 sagen
489 3778 740 3838 wusste,
791 3769 1052 3828 sondern
1117 3768 1274 3827 oben
1332 3768 1562 3827 blosser
1613 3766 2035 3849 Vermuthung
2094 3772 2323 3851 gesolgt
2380 3792 2537 3842 war,
2588 3774 2725 3835 dass

259 3863 507 3924 Catilina
545 3864 698 3924 auch
741 3866 806 3924 in
837 3865 1036 3925 dieser
1066 3864 1235 3925 nicht
1267 3864 1549 3944 unthatig
1585 3864 1904 3944 gehlieben
1942 3865 2062 3925 sei''
2098 3865 2239 3947 (sic).
2305 3864 2523 3929 Verba:
2555 3870 2723 3931 illam

257 3968 468 4020 noctem
515 3959 635 4020 huc
682 3961 898 4039 pedem
953 3962 1292 4022 intulerunt
1345 3978 1420 4019 ex
1465 3959 1580 4020 Cic.
1627 3958 1787 4019 Orat.
1832 3980 1885 4040 p.
1933 3959 2097 4040 Sylla
2134 3964 2226 4022 18.
2264 3963 2312 4044 S
2356 3966 2460 4025 52:
2518 3992 2541 4019 »
2564 3966 2721 4037 Quid

257 4056 494 4115 tandem
537 4056 613 4116 de
656 4055 766 4117 illa
807 4064 964 4119 nocte
1005 4058 1183 4126 dicit,
1239 4075 1375 4117 cum
1419 4056 1581 4115 inter
1622 4056 1895 4117 falcarios
1931 4058 2007 4118 ad
2049 4058 2121 4117 M.
2167 4057 2419 4121 Laecam
2460 4096 2540 4105 —
2581 4080 2718 4121 con-

257 4152 468 4211 venit.''
575 4152 792 4214 Totum
853 4173 1067 4233 nempe
1131 4173 1254 4233 cap.
1313 4152 1352 4209 4
1414 4150 1741 4211 conflatum
1812 4164 1904 4211 est
1967 4172 2042 4213 ex
2116 4156 2385 4215 oratione
2456 4156 2714 4215 laudata.

255 4280 330 4291 -——
370 4266 541 4327 aqam
574 4251 828 4311 verbum
864 4250 1155 4309 usitatum
1191 4250 1254 4308 in
1290 4247 1442 4306 soro:
1481 4246 1596 4306 Cic.
1634 4247 1709 4306 de
1745 4245 1887 4326 Imp.
1927 4246 2027 4306 Cn.
2067 4246 2265 4325 Pomp.
2299 4249 2350 4305 1.
2382 4247 2429 4327 ἓ
2461 4249 2526 4317 1;
2572 4252 2712 4310 scri-

254 4339 514 4407 bendum
568 4347 780 4407 fuisset
828 4344 1032 4405 dicam.
1091 4342 1186 4403 Sic
1229 4341 1478 4422 infitiari
1518 4342 1742 4421 legitur
1784 4341 1831 4422 ᾖ
1869 4344 1936 4411 7,
1980 4342 2083 4401 ubi
2128 4359 2337 4420 παραφε
2391 4343 2713 4405 dicendum

255 4449 394 4500 erat.

1035 4542 1297 4598 venturos
1327 4554 1446 4595 esse
1466 4534 1888 4614 praedixeram.
1972 4570 2052 4579 —
2074 4536 2427 4596 sanctissimo
2448 4536 2710 4606 consilia,

252 4629 324 4689 de
361 4646 574 4696 senatu
610 4655 731 4696 non
768 4637 1018 4697 dicitur:
1061 4635 1192 4693 loco
1227 4632 1504 4712 quidem,
1541 4632 1644 4692 ubi
1682 4641 1925 4692 senatus
1947 4632 2231 4702 habetur,
2254 4634 2371 4692 tale
2396 4631 2709 4712 epitheton

253 4732 610 4793 conveniret.
707 4768 786 4780 --
825 4732 988 4796 urbis
1036 4738 1201 4810 atque
1256 4729 1396 4790 adeo
1452 4728 1616 4789 orbis
1705 4728 1880 4791 Amat
1930 4718 2294 4793 declamator
2348 4730 2460 4791 hoc
2518 4749 2709 4810 genus
