3375 5500
672 451 808 493 un

671 635 974 717 πατέρων·
1033 641 1101 702 et
1165 655 1370 719 quum
1412 633 1484 699 in
1539 632 1821 718 quadam
1865 633 2304 718 postulatione
2352 631 2647 719 Hybreas
2710 632 2791 698 de
2848 634 3142 718 paritate

671 758 1023 824 stultorum
1084 756 1303 822 locum
1363 753 1446 827 ad
1514 753 1833 832 litteram,
1906 754 2207 824 omnibus
2262 751 2758 840 agnoscentibus
2772 801 2793 831 ,
2850 753 3105 822 diceret
3122 780 3141 818 ε

671 906 709 940 n
729 879 908 962 Age,
956 899 1093 942 non
1133 881 1322 961 putas
1373 896 1480 940 me
1523 875 1763 959 scripta
1818 873 2119 940 didicisse
2158 874 2358 960 patris
2404 874 2569 940 mei:
2630 875 2952 957 Quousque
2990 879 3143 938 tcm-

647 1000 806 1090 ¹dem
849 997 1130 1074 abutere,
1191 997 1460 1062 Catilina
1473 1043 1495 1074 ,
1528 995 1837 1079 patientia
1882 999 2091 1064 nostra
2106 994 2184 1061 ?'’
2250 994 2459 1064 Quasi
2504 1015 2703 1058 unam
2736 993 3142 1060 sententiam

669 1115 1152 1205 pronuntiando
1223 1115 1526 1201 probaret
1543 1163 1566 1193 ‚
1641 1135 1713 1182 se
1780 1115 1981 1200 patris
2050 1115 2153 1180 sui
2217 1113 2455 1199 scripta
2518 1111 2818 1188 didicisse
2834 1159 2858 1190 ,
2929 1111 3141 1196 idque

668 1240 866 1304 Asiae
927 1235 1159 1302 incolis
1217 1235 1542 1303 iudicibus
1558 1283 1581 1313 ‚
1637 1257 1839 1320 quum
1886 1241 2219 1321 praeterea
2267 1236 2513 1300 Seneca
2558 1232 2733 1298 dicat
2748 1279 2771 1310 ,
2824 1239 3137 1298 naturam

669 1360 769 1426 M.
796 1357 1012 1424 Tullio
1040 1355 1426 1422 memoriam
1468 1354 1853 1440 dempsisse,
1883 1375 2191 1438 eamque,
2240 1355 2298 1422 si
2336 1353 2495 1438 quid
2536 1375 2612 1418 ex
2656 1374 2735 1419 ea
2764 1361 3136 1438 supererat,

669 1478 941 1545 subduci
1003 1475 1333 1544 ebrietate.
1426 1477 1594 1542 Tota
1655 1476 1817 1542 haec
1879 1475 2166 1542 narratio
2183 1520 2204 1552 ‚
2243 1473 2467 1540 addito
2511 1472 2889 1559 praesertim
2932 1472 3133 1538 initio

669 1599 914 1684 primae
962 1596 1382 1665 Catilinariae
1399 1645 1422 1676 ,
1481 1602 1620 1663 tam
1666 1594 1945 1662 absurda
2000 1601 2066 1662 et
2119 1594 2321 1662 stulta
2371 1600 2469 1660 est
2485 1641 2505 1672 ,
2561 1600 2637 1661 ut
2690 1595 2876 1680 plura
2930 1616 3011 1660 ea
3048 1594 3135 1660 de

669 1738 742 1784 re
801 1717 908 1784 hic
967 1717 1204 1786 addere
1249 1736 1798 1803 supervacaneum
1836 1737 1977 1782 esse
2018 1714 2332 1782 videatur.

1072 1866 1107 1900 n
1123 1839 1284 1906 Non
1331 1837 1450 1904 tali
1497 1837 1777 1914 auxilio,
1823 1857 1943 1902 nec
1996 1834 2446 1902 defensoribus
2498 1834 2639 1902 istis
2655 1834 2722 1913 ,'’

673 1960 788 2042 qui
837 1958 1139 2024 Ciceroni
1187 1958 1356 2022 hanc
1401 1957 1765 2024 orationem
1810 1954 2136 2022 vindicare
2184 1956 2423 2034 velint,
2466 1961 2755 2022 utantur.

753 2076 1057 2142 Aliorum
1109 2075 1405 2144 omnium
1473 2074 1858 2159 scriptorum
1872 2120 1894 2151 ,
1946 2074 2059 2156 qui
2096 2073 2473 2158 ‚fragmenta
2524 2072 2836 2142 orationis
2882 2073 3135 2158 primae

667 2197 938 2264 laudant
950 2244 973 2275 ‚
1022 2202 1321 2264 excutere
1369 2193 1745 2263 testimonia
1759 2240 1780 2271 ,
1827 2213 2087 2260 necesse
2124 2215 2261 2260 non
2306 2193 2580 2260 videtur.
2630 2195 2865 2260 Paucis
2903 2194 3133 2262 viden-

669 2317 824 2382 dum
875 2323 973 2383 est
1023 2315 1137 2400 qui
1185 2315 1430 2382 factum
1477 2315 1566 2382 sit
1579 2362 1599 2393 ,
1654 2320 1761 2391 ut,
1810 2329 2013 2400 quum
2058 2313 2505 2399 unusquisque
2546 2313 2715 2380 hanc
2766 2313 3137 2382 orationem

665 2438 874 2521 legat,
915 2457 1109 2502 nemo
1151 2435 1286 2502 fere
1323 2435 1405 2502 de
1433 2435 1572 2501 eius
1601 2433 1941 2500 authentia
1968 2433 2504 2501 dubitare’adhuc
2533 2457 2729 2502 ausus
2753 2435 2953 2502 fuerit
2969 2438 3133 2520 22⁰).

669 2557 872 2622 Cuius
914 2557 1011 2624 rei
1059 2556 1184 2622 hae
1235 2577 1467 2624 causae
1515 2553 1897 2640 praecipuae
1960 2552 2194 2620 adduci
2250 2575 2446 2639 posse
2506 2555 2841 2622 videntur:
2935 2554 3135 2620 Quae

667 2676 994 2747 orationes
1041 2673 1416 2746 ferebantur
1463 2675 1544 2740 in·
1579 2672 1931 2748 Catilinam
1944 2721 1967 2752 ,
2010 2672 2137 2738 niti
2183 2672 2567 2748 videbantur
2612 2672 2944 2739 Ciceronis
2994 2680 3135 2740 tes-

649 2797 944 2866 timonio
986 2797 1059 2863 in
1112 2795 1409 2881 Epistola
1453 2795 1512 2859 Ι.
1563 2795 1608 2859 l.
1652 2794 1752 2858 II.
1838 2794 2318 2879 Argumentum
2352 2816 2431 2861 ex
2472 2816 2549 2861 eo
2590 2792 2845 2864 dicendi
2884 2814 3137 2877 genere

665 2924 806 2987 erat
847 2916 1216 2986 desumtum
1230 2964 1253 2995 ‚
1289 2923 1355 2982 et
1387 2915 1484 2983 ita
1533 2913 1797 3000 quidem
1830 2920 2179 2981 tractatum
2194 2961 2217 2993 ,
2264 2920 2340 2979 ut
2384 2914 2631 2988 nemini
2676 2934 2755 2979 ex
2790 2913 3137 2979 rhetorum

663 3038 903 3111 scholis
920 3086 943 3116 ‚
997 3057 1164 3123 quae
1217 3040 1366 3122 post
1413 3035 1797 3106 Ciceronem
1843 3040 2177 3103 mortuum
2224 3055 2421 3119 quam
2453 3034 2734 3101 maxime
2772 3034 3101 3101 florebant
3114 3081 3137 3110 ,

666 3157 1054 3243 displiceret.
1129 3154 1331 3226 Quod
1374 3155 1560 3221 nullo
1607 3154 1985 3221 testimonio
2029 3153 2235 3238 magis
2268 3154 2636 3228 confirmari
2677 3176 2867 3239 posse
2898 3154 3137 3232 crede,

667 3299 862 3362 quam
913 3274 1090 3359 quod
1132 3296 1270 3341 non
1313 3272 1548 3339 solum.
1571 3273 1790 3338 Porcii
1834 3275 2143 3341 Latronis
2198 3274 2781 3347 declamatiuncula
2828 3274 2901 3340 in
2949 3276 3135 3341 Cati-

725 3564 815 3635 uo)
849 3568 1125 3628 Morstadt,
1169 3566 1605 3618 Schaffhausensis
1638 3564 1970 3634 γνησιότητα
2002 3566 2153 3619 huius
2186 3568 2422 3620 orationis
2456 3570 2511 3620 in
2546 3571 2755 3623 dubium
2789 3573 3010 3633 vocavit3
3056 3590 3143 3625 cu-

659 3655 742 3708 ius
769 3662 942 3707 tamen
975 3648 1324 3719 disputationis
1357 3644 1472 3716 pars
1504 3652 1644 3717 prior
1689 3652 1841 3718 (inest
1872 3653 2231 3718 programmati
2266 3652 2673 3709 Schasthausensi
2706 3672 2753 3709 a.
2797 3658 2949 3725 1844)
2992 3660 3147 3723 copia

659 3740 787 3791 mihi
820 3740 951 3791 facta
984 3755 1086 3794 non
1105 3744 1223 3809 test,
1268 3738 1324 3789 >in
1357 3753 1486 3803 qua,
1519 3744 1578 3787 ut
1609 3740 1831 3803 comperi
1864 3755 1931 3793 ex
1960 3739 2303 3791 dissertatione
2327 3740 2654 3805 Hanegraafii
2688 3740 2784 3790 viri
2805 3743 2944 3793 doct.
2958 3779 2975 3803 ,
3003 3740 3142 3808 (Zut-

659 3824 874 3889 phaniae
915 3823 1065 3889 1846)
1105 3838 1156 3889 p.
1199 3826 1258 3871 19
1295 3822 1440 3883 adn„
1489 3837 1602 3873 eam
1633 3823 1894 3874 damnavit
1934 3833 2135 3889 propter
2166 3826 2549 3888 repugnantiam
2584 3824 2879 3875 Ciceronem
2920 3827 3051 3876 inter
3094 3835 3145 3877 et

659 3907 971 3959 Sallustium.
1043 3907 1149 3969 Qui
1193 3920 1314 3957 vero
1335 3904 1338 3909 ’
1359 3905 1442 3957 v'el
1487 3907 1666 3958 leviter
1706 3908 1965 3959 historiam
2008 3910 2145 3959 illius
2188 3910 2424 3973 temporis
2457 3909 2699 3972 attigerit,
2744 3910 2916 3961 statim
2949 3913 3145 3963 videbit

659 3991 894 4047 Sallustii
925 3990 1215 4042 auctoritate
1248 3989 1302 4039 in
1337 3976 1544 4040 historia
1577 3990 1682 4040 eius
1707 3985 2070 4045 ⁵‹insutu-ationis
2103 3991 2223 4041 stari
2252 4004 2355 4044 non
2389 4002 2559 4054 posse,
2604 3993 2686 4044 cui
2731 4008 2840 4045 non
2876 3995 2930 4045 in
2964 3996 3144 4046 animo

661 4077 812 4131 fuisse
839 4075 1035 4127 videtur
1061 4080 1120 4123 ut
1165 4072 1424 4124 historiam
1465 4072 1827 4123 coniurationis
1860 4072 2181 4127 Catilinariae
2197 4110 2217 4135 ,
2232 4090 2401 4139 -quam
2436 4075 2545 4131 fieri
2577 4083 2741 4140 posset
2773 4080 3141 4131 accuratissime

661 4159 1021 4218 conscriberet,
1055 4156 1143 4207 sed
1165 4162 1221 4205 ut
1247 4154 1532 4221 aequalium
1557 4153 1753 4216 mores,
1786 4156 1999 4213 civitatis
2031 4158 2367 4212 conditionem
2380 4197 2395 4220 ,
2430 4165 2614 4215 statum
2635 4161 2762 4226 reip.
2791 4162 2883 4213 illo
2910 4169 3140 4228 tempore

662 4248 969 4313 depingeret.
1041 4242 1214 4305 Quum
1258 4254 1378 4291 vero
1411 4238 1638 4292 Sallustii
1671 4242 1958 4297 testimonia
1983 4258 2100 4295 cum
2128 4243 2409 4301 auctoribus
2448 4244 2656 4310 reliquis
2682 4246 2915 4297 omnibus
2941 4250 3139 4313 saepius

662 4336 918 4397 pugnant,
963 4329 1092 4378 doct.
1140 4325 1344 4378 Ottema
1383 4330 1589 4375 conatus
1629 4332 1705 4375 est
1751 4325 1799 4375 ei
1831 4340 2115 4377 succurrere
2157 4327 2539 4392 transpositione
2583 4330 2802 4393 capitum
2838 4334 3041 4382 27—31
3082 4334 3136 4383 in

661 4417 860 4467 Prolus.
896 4413 1144 4465 Scholast.
1179 4410 1366 4477 Gymn.
1403 4408 1559 4462 Leov.
1596 4408 1654 4458 de
1689 4408 1790 4459 loco
1826 4406 2051 4459 Sallustii
2089 4409 2455 4477 transpositione
2500 4410 2811 4474 mandando,
2858 4417 2975 4467 adn.
3016 4422 3135 4468 230.

729 4501 812 4551 De
843 4499 944 4549 fide
975 4498 1213 4549 historica
1244 4494 1471 4549 Sallustii
1503 4495 1558 4545 in
1591 4496 1722 4545 coni.
1758 4494 1909 4545 Catil.
1944 4497 2225 4547 enarranda
2264 4498 2425 4549 multa
2457 4498 2610 4549 habet
2643 4499 2856 4562 Hagen,
2899 4502 2990 4565 qui
3023 4516 3135 4551 con-

663 4586 825 4637 tendit
857 4584 1099 4660 Sallustio
1131 4596 1211 4633 res
1241 4582 1312 4632 ita
1345 4594 1450 4631 esse
1485 4581 1706 4631 turbatas
1723 4580 1776 4629 in
1794 4583 2131 4642 enarratione,
2165 4588 2223 4633 ut
2248 4582 2407 4634 oratio
2434 4598 2565 4648 quae
2580 4584 2762 4647 legitur
2778 4584 2833 4635 in
2850 4600 2894 4635 c.
2921 4590 2987 4635 20
3015 4585 3135 4635 belli

664 4670 812 4721 Catil.
843 4685 948 4720 non
975 4668 1148 4719 habita
1176 4667 1238 4717 sit
1267 4682 1312 4716 a.
1345 4681 1396 4714 u.
1416 4680 1458 4715 c.
1479 4668 1582 4714 690
1616 4666 1781 4729 priore
1813 4665 2156 4717 coniuratione
2171 4704 2185 4727 ,
2211 4676 2269 4717 ut
2301 4666 2571 4719 Sallustius
2598 4668 2790 4727 scribit,
2826 4669 2915 4720 sed
2950 4684 2995 4718 a.
3020 4684 3070 4720 u.
3090 4684 3134 4719 c.

665 4760 764 4809 691
801 4755 1045 4810 Cicerone
1077 4752 1280 4808 consule
1315 4767 1363 4816 p.
1401 4754 1494 4801 137
1533 4765 1639 4817 sqq.
1675 4749 1921 4813 Catilina,
1955 4750 2259 4816 Regimonti.
2304 4754 2451 4800 1854.
