3375 5500
1453 391 1489 455 ²7

235 597 571 672 effrenata
612 597 894 672 iactabit
939 598 1271 672 audacia?
1368 596 1652 670 Nihilne
1697 600 1767 669 te
1808 601 2222 669 nocturnum
2278 595 2697 694 praesidium

233 727 491 800 Palatii
505 787 524 814 ‚
566 727 738 801 nihil
770 727 960 802 urbis
1003 727 1274 826 vigiliae
1289 786 1308 816 ,
1351 725 1523 799 nihil
1558 725 1763 798 timor
1800 725 2039 822 populi
2058 783 2076 812 ‚
2121 723 2294 798 nihil
2325 750 2695 800 concursus

232 854 581 928 bonorum
607 855 950 943 omnium,
975 855 1151 928 nihil
1173 855 1284 929 hic
1309 853 1817 928 munitissimus
1840 853 2141 926 habendi
2166 860 2445 928 senatus
2469 855 2693 941 locuS‚

232 983 418 1058 nihil
453 984 711 1079 horum!
745 1008 862 1058 ora
899 984 1267 1082 vultusque
1313 983 1723 1056 moverunt?
1790 981 2033 1056 Patere
2070 989 2193 1056 tua
2236 980 2517 1055 consilia
2556 1004 2695 1053 non

225 1352 495 1412 rendum
552 1369 682 1412 esse
741 1351 816 1411 ad
882 1349 1218 1412 Senatores.
1304 1349 1572 1412 Muretus
1633 1350 1885 1410 adnotat
1950 1348 2023 1430 (p.
2070 1348 2236 1430 532):
2300 1359 2400 1411 »et
2463 1362 2709 1413 senatus

223 1458 289 1507 et
374 1450 715 1518 consulum;
793 1448 897 1508 sed
975 1448 1287 1508 consulum
1348 1446 1602 1528 magis;”
1666 1455 1729 1506 at
1790 1447 1866 1507 de
1931 1445 2309 1506 senatoribus
2370 1466 2707 1508 sermonem

224 1563 366 1604 esse
424 1563 547 1604 non
599 1544 893 1627 oportuit;
959 1562 1097 1603 nam
1160 1544 1248 1606 illi
1305 1562 1489 1624 remp.
1534 1543 1940 1621 permiserunt
1982 1542 2344 1603 consulibus.
2588 1543 2705 1604 elu-

223 1639 339 1698 det.
428 1638 666 1719 Madvig
743 1639 968 1700 delevit
1044 1658 1179 1707 nos:
1237 1658 1356 1717 quo
1413 1638 1506 1705 fit,
1563 1647 1632 1697 ut
1683 1638 1913 1698 eludere
1976 1637 2357 1699 intransitive
2422 1651 2704 1719 penatum

226 1754 301 1794 eo
349 1752 532 1792 sensu
575 1734 894 1814 significat:
941 1753 1069 1794 sese
1112 1735 1368 1802 iactare,
1412 1733 1572 1812 quod
1609 1741 1813 1792 tamen
1855 1741 1923 1791 ut
1967 1732 2043 1792 de
2087 1733 2291 1793 surore
2335 1735 2453 1794 dici
2488 1737 2706 1814 possit,

227 1847 478 1897 vereor;
535 1831 638 1908 qui
693 1849 838 1891 vero
894 1829 1120 1890 eludere
1175 1849 1248 1891 eo
1305 1849 1484 1890 sensu
1539 1829 1802 1908 positum
1858 1827 2226 1897 defendunt,
2270 1840 2594 1907 provocant
2630 1829 2707 1889 ad

226 1925 346 1985 Cic.
407 1923 569 1985 Orat.
629 1946 682 2004 p.
742 1923 961 1984 Milone
1022 1926 1113 1984 12.
1158 1923 1206 2005 S
1249 1925 1358 1993 32,
1410 1924 1515 2002 qui
1558 1925 1684 2002 ipse
1726 1924 1898 1983 locus
1941 1941 2044 1983 eos
2086 1924 2309 1984 erroris
2350 1927 2705 1986 convincere

226 2031 497 2102 poterat;
561 2023 787 2101 legitur
849 2021 1041 2081 enim:
1105 2022 1250 2082 »sed
1313 2023 1496 2081 etiam
1561 2029 1630 2081 ut
1687 2020 1763 2080 iis
1818 2020 2164 2081 consulibus
2220 2029 2462 2100 praetor
2517 2031 2675 2082 esset

230 2119 484 2197 quibus,
541 2119 590 2178 si
646 2136 768 2178 non
826 2118 1281 2186 adiuvantibus,
1341 2127 1404 2178 at
1453 2127 1616 2178 certe
1659 2117 2154 2186 conniventibus,
2197 2130 2362 2179 certe
2407 2129 2707 2201 speraret,

169 2227 176 2230 ·
229 2233 290 2273 se
335 2233 507 2294 posse
549 2214 776 2274 eludere
815 2213 882 2274 in
922 2213 1046 2274 illis
1081 2214 1203 2274 suis
1236 2213 1496 2292 cogitatis
1529 2214 1829 2290 furoribus
1842 2214 1900 2282 ;''
1937 2215 1987 2274 si
2024 2222 2226 2274 autem
2260 2224 2424 2274 recte
2460 2216 2703 2276 dieitur:

233 2310 456 2388 aliquis
519 2311 712 2371 eludit
768 2311 832 2369 in
888 2310 1194 2370 furoribus
1249 2311 1402 2377 suis,
1458 2309 1759 2388 quomodo
1815 2309 2196 2369 defendetur:
2252 2310 2421 2371 furor
2475 2311 2706 2371 eludit?

234 2405 576 2468 Transitive
649 2405 977 2486 significat;
1053 2407 1512 2473 circumvenire,
1576 2405 1818 2473 fallere,
1883 2406 1990 2466 sed
2052 2405 2515 2486 significatione,
2580 2408 2706 2468 sive

234 2502 513 2572 ludendi,
561 2503 686 2562 sive
730 2503 1020 2572 astutiae,
1063 2502 1224 2580 quod
1265 2502 1330 2561 in
1371 2501 1637 2561 furorem
1679 2520 2060 2580 nequaquam
2102 2502 2277 2562 eadit.
2321 2538 2403 2550 —
2443 2503 2706 2565 audacia.

236 2600 476 2659 facilius
529 2607 690 2666 erat,
746 2598 808 2657 ni
866 2597 1071 2668 fallor,
1129 2598 1385 2667 consuli,
1443 2600 1963 2659 senatusconsulto
2018 2598 2121 2658 illo
2161 2599 2428 2666 munit0,
2464 2616 2706 2676 respon-

238 2695 384 2756 dere
435 2694 530 2755 his
571 2693 1179 2775 interrogationibus,
1232 2711 1412 2775 quam
1457 2693 1779 2765 Catilinae;
1832 2712 2045 2776 nempe
2090 2695 2374 2774 quamdiu
2415 2694 2527 2775 ipsi
2571 2713 2706 2755 con·

237 2793 354 2852 suli
398 2791 733 2852 videbatur.

319 2887 384 2947 N
385 2887 567 2948 ihilne
603 2894 654 2947 te
681 2892 1016 2948 nocturnum
1047 2886 1404 2965 praesidium
1434 2888 1658 2948 Palatii

1886 2888 2212 2949 arbitraris.
2278 2886 2499 2948 Contra
2528 2906 2708 2965 quam

240 2984 397 3062 apud
455 2982 802 3044 Ciceronem
846 2981 978 3041 fieri
1022 2982 1204 3049 solet,
1253 2999 1463 3041 sensus
1499 3002 1789 3061 perquam
1825 2982 2112 3042 obscurus
2148 2984 2334 3061 priori
2370 2983 2706 3042 sententiae

237 3078 411 3137 inest.
471 3077 564 3136 Ad
609 3077 771 3155 quod
804 3077 965 3137 enim
996 3077 1328 3137 movendus
1370 3085 1501 3136 erat
1537 3076 1832 3137 Catilina?
1869 3096 1944 3137 ex
1979 3078 2083 3145 iis,
2121 3097 2271 3156 quae
2308 3078 2708 3159 praecedunt,

237 3183 482 3251 putares
541 3183 842 3233 oratorem
898 3175 1082 3242 velle,
1147 3183 1216 3234 ut
1278 3175 1757 3234 coniurationem
1819 3176 2061 3235 missam
2125 3175 2379 3246 faceret3
2443 3196 2519 3236 ex
2582 3184 2709 3234 tota

239 3271 542 3339 oratione,
607 3280 675 3331 ut
739 3270 950 3331 urbem
1013 3272 1403 3349 relinqueret.
1489 3271 1715 3341 Quodsi
1777 3271 1892 3332 hoc
1956 3292 2167 3333 verum
2229 3283 2351 3343 est,
2402 3273 2554 3334 nihil
2605 3273 2708 3332 illa

238 3366 422 3425 verba
457 3366 828 3445 significant:
870 3386 1010 3427 nam
1046 3369 1345 3446 quomodo
1380 3369 1559 3429 timor
1593 3370 1830 3449 populi,
1867 3369 1963 3430 vel
1991 3370 2430 3431 munitissimus
2464 3376 2709 3429 senatus

236 3461 502 3524 habendi
549 3464 717 3525 locus
767 3463 1083 3524 Catilinam
1117 3476 1462 3533 moverent,
1499 3474 1568 3526 ut
1603 3466 1667 3525 in
1704 3475 1900 3524 castra
1935 3462 2209 3525 Malliana
2244 3463 2707 3545 profisceretur?

244 3554 344 3618 Sin
399 3560 501 3620 illa
565 3571 772 3621 contra
823 3563 906 3622 ita
963 3562 1306 3647 accipienda
1357 3570 1524 3630 sunt,
1579 3570 1648 3621 ut
1692 3559 2170 3620 coniurationem
2210 3562 2459 3621 missam·
2503 3561 2708 3628 saciat,

241 3675 358 3717 non
423 3658 631 3727 video,
694 3659 840 3737 quid
903 3657 1018 3717 sibi
1080 3659 1226 3718 velit
1287 3664 1578 3718 moverunt
1589 3678 1611 3725 ,·
1675 3667 1821 3715 tunc
1884 3674 1992 3734 per
2047 3675 2329 3735 praesens
2383 3656 2707 3734 legendum

242 3762 330 3811 est
372 3761 618 3824 movent,
661 3767 730 3816 ut
772 3758 836 3816 in
872 3753 1274 3833 sequentibus
1309 3754 1512 3823 sentio,
1547 3753 1731 3820 vides,
1767 3760 1939 3820 cett.;
1970 3761 2145 3810 antea
2169 3753 2355 3821 enim,
2384 3771 2506 3812 non
2529 3772 2709 3813 ausus

243 3860 330 3908 est
381 3848 640 3919 Senatus
711 3852 1039 3932 quidquam
1096 3850 1338 3931 gravius
1401 3850 1464 3909 in
1520 3848 1838 3907 Catilinam
1900 3848 2255 3907 decernere:
2320 3873 2344 3901 n
2364 3850 2709 3930 congemuit

244 3943 496 4007 Senatus
539 3949 848 4027 frequenS,
891 3967 1088 4027 neque
1133 3957 1334 4007 tamen
1379 3946 1522 4006 satis
1565 3962 1771 4005 severe
1816 3961 1925 4025 pro
1965 3942 2055 4003 rei
2098 3943 2461 4023 indignitate
2505 3947 2707 4006 decre-

244 4043 354 4111 vit;
416 4064 556 4105 nam
620 4046 837 4125 partim
904 4045 1042 4105 ideo
1104 4045 1291 4104 sortes
1354 4044 1418 4104 in
1479 4040 1861 4103 decernendo
1925 4060 2047 4102 non
2104 4050 2303 4111 erant,
2361 4043 2501 4120 quia
2556 4040 2708 4101 nihil

245 4139 565 4209 timebant,
627 4140 847 4220 partim
912 4140 1052 4218 quia
1117 4139 1463 4200 timebant.”
1547 4138 1662 4199 Cic.
1727 4156 1836 4218 pro
1893 4137 2039 4198 Mur.
2097 4140 2192 4198 25.
2249 4138 2298 4219 ὃ
2348 4140 2441 4199 51.
2485 4170 2565 4183 ——
2606 4152 2711 4195 ora

243 4236 544 4317 vultusque.
629 4237 796 4298 Solet
857 4236 1223 4296 declamator
1285 4236 1624 4315 saepissime
1688 4235 1811 4295 duo
1864 4234 2181 4303 vocabula,
2239 4235 2334 4293 vel
2390 4233 2537 4292 duas
2587 4232 2708 4291 dic-

247 4331 436 4392 tiones
504 4335 872 4413 coniungere
897 4378 912 4400 ,
970 4351 1123 4409 quae
1181 4333 1393 4393 eodem
1448 4332 1733 4401 redeunt,
1790 4349 2045 4409 quorum
2101 4330 2357 4388 alterum
2399 4327 2710 4409 eleganter

248 4426 539 4499 abundat;
583 4448 904 4511 apponam,
947 4429 1204 4507 exempli
1247 4448 1455 4497 causa,
1497 4448 1573 4488 ex
1615 4427 1807 4506 capite
1850 4425 1900 4485 1:
1934 4424 2236 4503 proxima,
2280 4423 2602 4501 superiore;
2646 4421 2712 4479 in

250 4532 502 4588 senatum
554 4527 704 4586 venit
719 4574 734 4595 ,
789 4527 856 4607 fit
911 4524 1138 4585 consilii
1173 4525 1392 4603 publici
1428 4525 1747 4603 particeps;
1790 4528 1949 4581 notat
1990 4526 2042 4579 ct
2082 4519 2381 4597 desimam
2424 4519 2678 4597 furorem
2694 4564 2709 4585 ,

249 4618 395 4689 celtu
459 4622 752 4684 vehemens
765 4669 780 4691 ,
857 4640 1065 4701 mave,-
1123 4621 1448 4690 consilium,
1503 4618 1828 4682 auctoritas.
1874 4652 1955 4663 —-
1989 4615 2355 4675 constrictum
2403 4612 2583 4674 teneri
2624 4612 2710 4672 nil

249 4724 440 4792 potest
498 4718 614 4783 nisi
669 4720 955 4791 vinculis,
1011 4719 1241 4798 laqueis
1297 4726 1436 4779 cett.
1481 4719 1576 4781 vel
1619 4715 1875 4796 tropice:
1921 4712 2344 4783 iureiurando,
2386 4710 2711 4790 religione,
