3375 5500
1863 386 1947 449 14

677 597 982 673 hostium
1043 617 1372 667 numerus
1390 651 1408 678 ,
1467 615 1713 664 eorum
1772 597 2008 664 autem
2078 591 2557 689 imperatorem
2607 601 2984 668 castrorum
3040 597 3143 687 ¹⁵)

681 727 1066 821 ducemque
1131 720 1434 793 hostium
1484 720 1666 792 intra
1727 718 1999 791 moenia
2053 724 2261 816 atque
2314 720 2486 793 adeo
2533 720 2603 793 in
2652 727 2896 795 senatu
2940 723 3147 796 vide-

679 879 837 927 mus
858 912 876 939 ,
939 849 1340 925 intestinam
1389 847 1693 945 aliquam
1736 844 2044 944 quotidie
2090 845 2462 943 perniciem
2518 848 2933 946 reipublicae
2977 831 3146 924 rno-

680 981 983 1054 lientem.
1107 976 1182 1050 Si
1236 983 1306 1049 te
1358 974 1497 1048 iam
1520 1033 1540 1062 ,
1588 972 1887 1047 Catilina
1906 1031 1926 1060 ,
1972 972 2496 1071 comprehendi,
2550 975 2609 1046 si
2644 975 2936 1050 interfici
2990 975 3146 1050 ius—

681 1135 864 1196 sero,
917 1105 1119 1182 credo
1138 1164 1159 1194 ,
1204 1104 1334 1178 erit
1381 1103 1761 1176 verendum
1818 1099 2019 1188 mihi,
2070 1124 2159 1173 ne
2217 1124 2354 1174 non
2419 1100 2547 1174 hoc
2606 1103 2837 1200 potius
2891 1127 3147 1178 omnes

680 1237 846 1310 boni
909 1233 1127 1308 serius
1189 1255 1232 1305 a
1302 1254 1450 1316 me,
1523 1253 1733 1327 quam
1797 1228 2164 1326 quisquam
2230 1229 2579 1303 crudelius
2648 1230 2911 1306 factum
2984 1258 3147 1306 esse

681 1365 882 1438 dicat.
942 1362 1197 1435 Verum
1244 1383 1372 1457 ego
1413 1357 1541 1431 hoc
1560 1417 1579 1444 ,
1615 1355 1805 1456 quod
1844 1356 2253 1455 iampridem
2296 1357 2559 1432 factum
2600 1384 2749 1432 esse
2791 1362 3143 1458 oportuit,

679 1499 864 1566 certa
927 1491 1014 1562 de
1065 1511 1273 1561 causa
1324 1486 1636 1560 nondum
1689 1484 2027 1573 adducor,
2078 1500 2159 1559 ut
2216 1484 2482 1560 faciam.
2585 1489 2767 1561 Tum
2829 1488 3141 1587 denique

678 1617 1082 1693 interficiere
1103 1675 1121 1702 ‚
1187 1639 1403 1714 quum
1473 1615 1613 1688 iam
1675 1637 1881 1688 nemo
1924 1621 2070 1687 tam
2118 1613 2475 1711 improbus
2498 1673 2516 1702 ,
2578 1621 2724 1688 tam
2778 1615 3102 1714 perditus
3122 1676 3142 1704 ,

683 1757 824 1823 tam
875 1745 983 1819 tui
1033 1742 1272 1818 similis
1323 1742 1611 1816 inveniri
1657 1739 1909 1841 poterit
1928 1801 1947 1830 ,
1999 1741 2121 1841 qui
2163 1741 2237 1815 id
2288 1764 2428 1815 non
2478 1741 2627 1816 iure
2667 1743 2932 1836 factum
2982 1771 3140 1819 esse

767 1905 831 1976 ¹⁵}
862 1913 1134 1958 castrorum
1169 1907 1534 1969 imperatorem.

671 2255 752 2266 —-—
791 2220 950 2280 intra
990 2217 1211 2278 moenia
1251 2250 1332 2260 —
1371 2213 1570 2276 videtis
1611 2216 1941 2276 intestinam
1980 2216 2235 2294 aliquam
2276 2214 2522 2294 quotidie
2555 2215 2869 2295 perniciem
2908 2216 3149 2277 molien-

675 2325 798 2376 tem.
883 2314 1157 2375 Graviter
1198 2312 1262 2372 in
1304 2311 1400 2371 his
1443 2311 1642 2371 verbis
1685 2313 1887 2392 lapsus
1929 2322 2022 2371 est
2065 2310 2305 2380 rhetor;
2348 2329 2489 2370 nam
2532 2311 2897 2390 reipublicae
2941 2314 3149 2391 perni-

671 2413 826 2471 cicm
869 2411 1122 2470 Catilina
1163 2408 1346 2467 etiam
1387 2407 1587 2467 moliri
1630 2417 1867 2486 poterat
1909 2417 2081 2467 extra
2122 2407 2365 2475 urbem;
2410 2425 2597 2486 quum
2632 2409 2793 2468 enim
2830 2409 2892 2468 in
2926 2411 3151 2469 castris

671 2517 806 2566 erat
848 2505 1004 2585 apud
1047 2503 1329 2564 Faesulas
1373 2519 1562 2580 aeque
1613 2501 1941 2580 perniciem
1992 2501 2342 2560 intestinam
2391 2501 2770 2562 moliebatur.
2854 2539 2935 2548 —-
2975 2505 3149 2564 credo

673 2602 905 2662 Ironice
947 2600 1062 2660 hoc
1105 2600 1237 2658 loco
1280 2598 1557 2678 ponitur,
1601 2607 1661 2658 at
1705 2605 1914 2657 contra
1965 2605 2340 2657 constantem
2392 2596 2692 2657 Ciceronis
2736 2617 2944 2668 usum,
2990 2619 3148 2660 sem-

674 2717 782 2779 per
837 2698 998 2758 enim
1053 2695 1392 2777 praemissis
1449 2712 1572 2754 uno
1628 2694 1725 2756 vel
1782 2693 2054 2774 pluribus
2096 2693 2434 2761 vocabulis,
2482 2710 2809 2772 numquam
2852 2695 2916 2755 in
2958 2695 3147 2758 initio

674 2794 1012 2853 sententiae
1055 2793 1303 2875 legitur:
1346 2792 1484 2853 vide
1528 2811 1581 2852 v.
1625 2810 1673 2850 c.
1719 2789 1835 2851 Cic.
1878 2792 1954 2852 de
1999 2789 2167 2851 Prov.
2212 2808 2372 2851 conS.
2418 2789 2511 2849 12.
2554 2788 2603 2868 §
2642 2790 2749 2849 29:
2794 2808 2972 2850 »nam
3015 2793 3147 2871 ipse

673 2888 889 2949 Caesar
931 2889 1077 2969 quid
1119 2900 1212 2949 est
1253 2907 1360 2948 cur
1403 2889 1465 2948 in
1508 2888 1812 2967 provincia
1856 2888 2207 2948 commorari
2250 2887 2397 2948 velit
2439 2886 2555 2945 nisi
2593 2894 2663 2944 ut
2698 2904 2799 2955 ea,
2842 2906 2999 2966 quae
3039 2906 3148 2969 per

673 3004 814 3045 eum
857 2984 1068 3046 affecta
1112 2994 1253 3045 sunt
1298 2984 1562 3065 perfecta
1597 2984 1963 3064 reipublicae
2015 2982 2252 3045 tradat?
2336 2982 2684 3041 Amoenitas
2720 3002 2890 3051 eum,
2927 2985 3148 3052 credo,

673 3082 972 3149 locorum,
1014 3081 1255 3141 urbium
1299 3080 1687 3160 pulchritudo
1729 3116 1810 3125 —-
1850 3081 2073 3140 retinet
2088 3079 2140 3148 ;''
2182 3079 2246 3138 in
2282 3078 2500 3157 quibus
2544 3077 2744 3137 verbis
2781 3096 2917 3157 pro:
2964 3105 2990 3133 »
3011 3098 3145 3161 per·

673 3176 830 3234 secta
867 3175 931 3235 R.
970 3175 1030 3235 P.
1070 3176 1304 3237 tradat''
1348 3177 1673 3255 legendum
1716 3186 1836 3236 est:
1881 3175 2187 3255 »perfecta
2226 3174 2285 3233 P.
2325 3174 2389 3234 R.
2427 3174 2690 3243 tradat,’'
2727 3176 2888 3256 quod
2923 3178 3147 3238 vitium

672 3273 856 3331 etiam
884 3271 1080 3333 haesit
1117 3273 1274 3352 apud
1311 3291 1438 3340 eos,
1476 3273 1579 3349 qui
1613 3272 1777 3331 hunc
1811 3274 2007 3331 locum
2044 3272 2552 3351 perscripserunt,
2595 3270 2740 3331 Gell.
2766 3270 2884 3333 XV.
2924 3274 2976 3332 5.
3003 3273 3056 3354 5
3091 3273 3143 3331 7.

671 3378 736 3427 et
779 3367 927 3427 Non.
973 3365 1147 3427 Marc.
1186 3389 1239 3447 p.
1289 3368 1421 3426 110.
1466 3365 1574 3426 Ed.
1619 3364 1873 3425 Gerlach
1924 3377 1985 3426 et
2028 3366 2231 3435 Roth„
2274 3386 2414 3428 nam
2458 3379 2526 3427 ut
2567 3387 2709 3427 mox
2758 3370 3068 3447 sequitur:
3112 3388 3143 3428 a

671 3464 890 3542 populo
925 3464 1142 3521 missus
1179 3472 1310 3523 erat
1348 3461 1578 3522 Caesar.
1662 3496 1744 3506 —
1772 3480 1845 3521 ne
1872 3480 1987 3521 non
2014 3496 2095 3506 --
2125 3461 2425 3541 qaisquam
2455 3464 2745 3524 crudelius
2772 3465 2993 3541 factum
3028 3482 3145 3525 esse

670 3557 863 3627 dicat‚·
907 3558 1207 3638 quomodo
1248 3557 1397 3617 haec
1439 3557 1745 3617 conciliari
1782 3568 2030 3636 possunt
2067 3559 2165 3627 iis,
2208 3578 2363 3639 quae
2400 3560 2689 3639 leguntur
2723 3558 2772 3641 S
2808 3561 2910 3621 30:
2955 3579 3143 3641 »quo-

669 3672 807 3713 rum
850 3654 1271 3715 auctoritatem
1317 3656 1505 3715 secuti
1548 3653 1717 3713 multi
1756 3670 1877 3713 non
1922 3655 2116 3713 solum
2150 3654 2436 3734 improbi,
2480 3672 2691 3715 verum
2734 3655 2916 3716 etiam
2954 3656 3141 3736 impe-

670 3752 806 3819 riti,
839 3751 888 3810 si
918 3752 982 3810 in
1010 3750 1173 3811 hunc
1201 3752 1757 3812 animadvertissem
1774 3798 1789 3821 ,
1825 3752 2132 3813 crudeliter
2158 3758 2211 3811 et
2232 3752 2387 3831 reqie
2408 3752 2626 3830 factam
2656 3769 2775 3811 esse
2800 3748 3142 3811 dicerent.''?

669 3882 751 3891 —-
793 3854 947 3907 certa
987 3848 1057 3907 de
1099 3866 1312 3918 causa;
1367 3866 1548 3929 quam
1590 3849 1931 3927 praetexuit
1982 3868 2221 3909 causam
2277 3849 2513 3927 copiose
2570 3848 2818 3927 exponit
2860 3866 2987 3926 cap.
3036 3846 3141 3906 12:

671 3943 949 4003 omnibus
989 3945 1257 4005 nondum
1307 3964 1437 4006 esse
1494 3963 1845 4024 persuasum
1902 3944 2216 4004 Catilinam
2268 3943 2747 4003 coniurationem
2790 3943 3037 4011 secisse;
3080 3940 3141 4000 id

668 4038 911 4098 demum
970 4042 1244 4102 omnihus
1300 4043 1433 4101 luce
1490 4042 1710 4101 clarius
1768 4033 2057 4100 futurum*
2097 4041 2146 4099 si
2190 4037 2446 4099 Catilina
2502 4039 2565 4097 in
2623 4036 2898 4099 Malliana
2942 4048 3140 4099 castra

669 4134 1073 4214 pervenisset;
1114 4157 1232 4218 qua
1263 4138 1327 4197 in
1355 4157 1421 4197 re
1454 4135 1664 4196 rhetor
1695 4136 1807 4197 sibi
1840 4137 1965 4216 ipse
1990 4146 2192 4197 tamen
2214 4152 2337 4195 non
2359 4143 2625 4204 constat3
2657 4153 2799 4195 nam
2820 4152 2867 4193 c.
2894 4136 2946 4193 5.
2970 4132 3021 4214 ὃ
3043 4133 3136 4191 12.

667 4230 815 4291 haec
839 4232 1103 4311 scripsit:
1141 4232 1376 4303 »Quare
1398 4234 1683 4314 quoniam
1707 4232 1801 4301 id,
1829 4233 1992 4314 quod
2015 4243 2107 4293 est
2130 4232 2389 4311 primum
2418 4240 2481 4291 et
2502 4230 2666 4311 quod
2685 4230 2868 4290 huius
2899 4228 3136 4309 imperii

667 4328 1136 4410 disciplinaeque
1166 4331 1463 4390 maiorum
1506 4331 1841 4409 proprium,
1878 4331 2072 4407 facere
2100 4330 2350 4389 nondum
2371 4329 2581 4396 audac,
2613 4327 2826 4386 faciam
2853 4324 2941 4392 id,
2974 4322 3137 4403 quod

667 4432 759 4483 est
803 4422 879 4483 ad
920 4426 1304 4485 severitatem
1358 4426 1554 4486 lenius
1610 4435 1672 4485 et
1716 4426 1791 4485 ad
1832 4443 2209 4486 communem
2258 4426 2513 4485 salutem
2564 4421 2827 4483 utiliuS.''
2896 4455 2977 4465 —
3020 4424 3137 4481 tum

665 4517 903 4597 denique
935 4518 1275 4601 interficiere
1321 4531 1459 4582 cett.
1527 4521 1717 4581 Tutus
1768 4523 1955 4601 igitur
2004 4523 2116 4583 sibi
2165 4523 2357 4584 videri
2387 4530 2624 4601 poterat
2667 4516 2952 4585 Catilina;
2996 4531 3134 4575 nam

666 4615 772 4673 diu
816 4623 1051 4694 poterat
1087 4616 1294 4678 Cicero
1339 4627 1686 4697 exspectare
1725 4618 1915 4678 donec
1958 4638 2031 4679 eo
2059 4628 2415 4700 perventum
2459 4624 2649 4684 esset,
2691 4625 2761 4674 ut
2803 4614 2921 4673 iam
2956 4626 3131 4671 nemo

666 4718 789 4769 tam
850 4710 1156 4793 improbus
1213 4722 1402 4782 esset,
1457 4714 1607 4794 quin
1651 4714 1782 4774 iure
1832 4712 2149 4776 Catilinam
2198 4712 2585 4775 intersectum
2642 4728 2773 4771 esse
2801 4708 3130 4769 'fateretur-
