3375 5500
1326 572 1849 669 ORATIO

913 801 1067 886 IN
1153 803 1245 884 L.
1345 800 2232 892 CATILINAM

1400 1039 1769 1114 PRIMA,

1207 1239 1492 1291 HABITA
1528 1242 1609 1292 IN
1643 1243 1951 1294 SENATU.

442 1681 498 1754 Ι.
559 1686 619 1756 1.
689 1686 1074 1784 Quousque
1109 1687 1392 1762 tandem
1425 1689 1743 1777 abutere,
1786 1690 2117 1778 Catilina,
2154 1691 2485 1788 patientia
2520 1698 2795 1768 nostra?

1311 2023 1832 2087 ADNOTATIO.

411 2165 734 2226 Verissima
790 2175 956 2235 sunt,
1012 2185 1164 2246 quae
1223 2166 1523 2228 Antonius
1575 2165 1951 2228 Riccobonus
1994 2168 2226 2237 scribit,
2271 2167 2468 2248 (initio
2511 2171 2803 2251 discepta-

324 2263 510 2323 tionis
553 2273 802 2342 quartae
851 2264 927 2323 de
970 2265 1378 2325 consolatione
1421 2265 1584 2324 edita
1627 2264 1740 2324 sub
1782 2265 2024 2324 nomine
2069 2262 2372 2325 Ciceronis
2416 2285 2469 2344 p.
2510 2266 2601 2326 75.
2641 2265 2805 2326 Vice-

322 2360 449 2418 tiae
507 2359 704 2440 1584.)
760 2376 898 2418 cum
947 2359 1023 2419 de
1066 2360 1297 2420 incerta
1339 2361 1592 2420 alicuius
1633 2361 1959 2420 voluminis
2001 2361 2361 2421 auctoritate
2405 2362 2809 2442 disceptetur,

322 2457 446 2515 tria
501 2456 774 2536 inprimis
828 2455 1064 2534 exquiri
1121 2457 1348 2516 solere:
1404 2474 1582 2525 num,
1639 2456 1744 2535 qui
1797 2456 2021 2516 dicitur
2076 2464 2311 2526 auctor,
2362 2458 2646 2518 volumen
2709 2477 2807 2528 ea,

329 2569 487 2628 quae
551 2551 745 2611 fertur
815 2552 1236 2633 inscriptione,
1299 2552 1747 2632 conscripserit;
1813 2571 1959 2612 num
2022 2552 2127 2630 qui
2182 2561 2420 2612 veteres
2484 2555 2807 2634 scriptores

327 2646 462 2706 eius
517 2648 849 2708 sententias
904 2658 968 2708 et
1022 2649 1207 2709 verba
1261 2649 1685 2717 recitaverint,
1730 2667 1805 2708 ex
1848 2648 2067 2727 quibus
2102 2649 2228 2728 ipse
2273 2656 2482 2708 auctor
2523 2650 2803 2727 cognosci

323 2744 547 2823 possit:
610 2763 757 2805 num
819 2744 965 2824 quid
1013 2745 1078 2805 in
1133 2765 1206 2807 eo
1261 2745 1536 2815 haereat,
1591 2745 1754 2824 quod
1813 2745 1888 2805 ab
1942 2765 2013 2805 ea
2070 2762 2350 2825 persona,
2401 2764 2553 2823 quae
2610 2746 2806 2826 ipsum

319 2840 650 2900 confecisse
715 2841 1126 2910 existimatur,
1188 2843 1453 2902 alienum
1508 2842 1804 2903 videatur.
1889 2840 2009 2902 Nos
2064 2842 2322 2901 alterum
2380 2851 2805 2921 argumentum

318 2954 443 2995 non
508 2936 931 3016 attingemus;·
965 2937 1040 2996 de
1107 2938 1292 2997 tertio
1354 2938 1589 3017 copiose
1653 2955 2053 3017 exponemuS,
2110 2936 2307 3015 deque
2366 2940 2589 3017 prime,
2646 2958 2801 3016 quae

313 3032 515 3094 habeo
571 3035 776 3094 statim
832 3034 895 3094 in
939 3035 1114 3095 initio
1163 3053 1398 3115 ponam.
1482 3032 1663 3102 Nam,
1708 3042 1776 3093 ut
1818 3033 1967 3093 mihi
2012 3032 2286 3102 videtur,
2328 3034 2448 3093 iam
2489 3034 2801 3113 inscriptio

315 3129 444 3208 ipsa
516 3128 824 3189 falsarium
886 3130 1104 3209 prodit.
1209 3128 1272 3189 Si
1327 3130 1491 3189 enim
1546 3128 1756 3189 Cicero
1810 3148 2077 3207 unquam
2138 3130 2331 3190 edidit
2395 3129 2800 3200 CatilinariaS,

315 3220 501 3302 (quod
530 3243 652 3284 non
681 3226 798 3285 nisi
829 3225 904 3285 de
934 3227 1125 3305 prima
1150 3226 1421 3286 oratione
1451 3224 1709 3307 constat)
1732 3234 1898 3284 certe
1935 3244 2037 3285 eas
2072 3243 2193 3285 non
2229 3226 2532 3306 inscripsit
2563 3245 2799 3287 omnes:

318 3320 608 3380 orationes
668 3320 733 3380 in
793 3319 1103 3381 Catilinam
1110 3342 1133 3390 ;
1187 3322 1383 3381 multo
1437 3322 1660 3381 minus:
1719 3319 2125 3380 invectivarum
2183 3319 2319 3379 libri
2374 3327 2615 3399 quatuor
2622 3342 2645 3390 ;
2702 3323 2802 3382 vel

315 3414 654 3477 invectiones
715 3414 894 3477 Tullii
950 3417 1014 3477 in
1068 3416 1406 3486 Catilinam,
1463 3419 1560 3479 vel
1605 3418 1743 3478 libri
1798 3416 1862 3477 in
1909 3415 2221 3477 Catilinam
2234 3438 2257 3486 ‚·
2310 3434 2521 3495 quum,
2564 3416 2800 3477 etiamsi

315 3512 684 3573 coniunctim
747 3513 946 3573 editae
1011 3523 1243 3583 essent,
1308 3522 1510 3573 tamen
1572 3532 1695 3572 uno
1759 3514 2002 3572 nomine
2067 3511 2311 3571 difficile
2369 3512 2798 3591 comprehendi

315 3617 590 3683 possent,
652 3608 814 3687 quod
856 3610 932 3703 de
975 3612 1245 3689 personis
1287 3619 1350 3669 et
1406 3609 1779 3689 argumentis
1841 3609 2097 3669 diversis
2159 3616 2362 3668 essent
2406 3609 2794 3685 conscriptae.

316 3700 524 3763 Varias
578 3705 998 3783 inscriptiones
1053 3706 1391 3783 complures
1445 3704 1652 3763 laudat
1709 3702 1911 3771 Halm,
1952 3700 2037 3781 (in
2087 3701 2179 3761 ed.
2226 3701 2303 3759 11³
2348 3718 2596 3779 operum
2626 3701 2793 3791 ‘Tull

313 3798 427 3857 vol.
464 3797 535 3858 11.
573 3800 782 3878 p.⁴658
818 3808 880 3859 et
915 3800 979 3859 in
1015 3800 1107 3859 ed.
1145 3798 1441 3878 Lipsiensi
1478 3818 1526 3857 a.
1566 3798 1741 3857 1851.
1779 3816 1833 3875 p.
1871 3796 1965 3856 13.
2004 3795 2139 3855 adn.
2178 3794 2291 3877 56).
2350 3795 2552 3875 Ipsum
2588 3805 2792 3858 autem

312 3893 566 3955 verbum
625 3893 923 3963 invectiva,
977 3895 1074 3955 vel
1129 3892 1394 3962 invectio,
1449 3892 1723 3953 Ciceroni
1780 3910 1903 3952 non
1957 3892 2022 3951 in
2080 3910 2227 3961 usu,
2279 3895 2685 3972 grammaticis
2727 3904 2790 3955 et

313 3988 816 4050 declamatoribus
878 3999 1010 4050 erat
1071 4000 1313 4059 notum;
1377 3989 1592 4068 quodsi
1655 3988 1865 4049 Cicero
1926 4006 2193 4067 unquam
2256 3990 2331 4050 iis
2389 3990 2591 4050 verbis
2645 4008 2789 4049 usus

313 4082 556 4154 suisset,
619 4095 784 4145 certe
847 4086 932 4145 sic
994 4086 1395 4167 inscripsisset
1460 4086 1796 4147 orationem
1858 4088 1924 4147 in
1990 4096 2130 4167 toga
2192 4087 2479 4157 eandida,
2544 4088 2608 4147 in
2671 4106 2791 4165 qua

314 4182 583 4241 oratione
646 4180 1173 4244 vehementissime
1228 4185 1501 4245 invectus
1556 4192 1649 4243 est
1705 4184 1769 4244 in
1825 4183 2116 4244 Catilinae
2175 4183 2542 4259 Antoniique
2590 4200 2791 4240 mores

313 4285 376 4335 et
434 4278 634 4337 vitam.
718 4276 844 4337 Iam
901 4278 1014 4358 ipsi
1070 4287 1309 4339 veteres
1363 4279 1740 4360 inscriptioni
1795 4282 2056 4339 multum
2106 4278 2486 4346 tribuebant3
2528 4296 2667 4337 nam
2711 4277 2787 4336 de

315 4389 385 4431 ea
440 4376 747 4443 oratione,
800 4393 952 4453 quae
997 4374 1267 4435 Caesaris
1308 4376 1648 4445 serebatur,
1690 4394 1989 4454 quamque
2035 4374 2343 4452 Augustus
2388 4372 2463 4433 ab
2504 4391 2577 4432 eo
2621 4372 2785 4431 abiu-

315 4465 582 4539 dicabat,
639 4468 792 4531 haec
855 4472 1024 4531 addit
1087 4470 1414 4531 Suetonius
1477 4470 1603 4552 (lul.
1662 4471 1824 4531 Caes
1884 4470 2012 4551 55);
2070 4488 2247 4528 »nam
2305 4470 2368 4529 in
2425 4467 2785 4547 quibusdam

316 4564 751 4646 exemplaribus
806 4566 1050 4631 invenio
1112 4586 1192 4629 ne
1255 4568 1602 4648 inscriptam
1665 4568 1909 4648 quidem
1967 4584 2076 4646 pro
2138 4564 2388 4635 Metello,
2452 4563 2558 4623 sed
2614 4578 2784 4641 qaam

317 4659 542 4739 scripsit
581 4660 856 4724 Metell0.’'
