3375 5500
650 427 738 468 XX

665 635 910 693 omnes,
939 635 1237 683 sermone
1263 621 1558 683 uteretur
1571 639 1735 704 puro
1765 624 1830 684 et
1848 614 2151 702 eleganti,
2169 617 2407 702 quippe
2424 615 2531 682 cui
2548 616 2853 702 placeret,
2878 621 2956 682 ut
2972 612 3132 680 dicit

664 732 1149 800 Quinctilianus
1166 738 1312 822 ¹⁰⁷),
1328 735 1584 802 nullum
1599 759 1889 821 unquam
1908 736 2347 821 negligentem
2365 757 2502 803 esse
2520 755 2882 802 sermonem
2887 758 2908 813 ς
2930 733 3137 818 quod-

663 851 840 935 quod
883 853 1228 938 loquemur
1273 856 1648 940 ubicunque
1693 859 1781 923 sit
1822 879 1939 942 pro
1986 879 2105 922 sua
2144 855 2391 922 scilicet
2430 855 2728 942 portione
2754 854 3134 941 perfectum.

649 1087 666 1098 '
755 1091 940 1158 Inter
1005 1094 1383 1160 testimonia
1452 1103 1793 1164 auctorum
1844 1094 2256 1160 classicorum
2316 1092 2397 1159 de
2456 1093 2750 1160 oratione
2801 1091 3011 1177 prima
3065 1091 3138 1154 in

660 1211 1048 1290 Catilinam,
1083 1234 1314 1296 agmen
1367 1213 1548 1281 ducit
1594 1216 1775 1280 loeus
1819 1214 2075 1299 saepius
2118 1212 2423 1278 laudatus
2471 1233 2549 1279 ex
2600 1214 2646 1278 l.
2694 1213 2792 1277 ΙΙ.
2841 1211 3007 1295 Epp.
3056 1209 3143 1274 ad

665 1329 806 1397 Att.
870 1333 905 1395 1
951 1334 988 1415 θ
1039 1334 1215 1410 3.--,
1270 1353 1465 1417 quem
1532 1340 1608 1398 ut
1666 1333 2027 1416 genuinum
2082 1332 2449 1398 existimem
2507 1353 2721 1417 neque
2779 1331 3140 1416 Madvigii,

664 1469 877 1533 neque
935 1450 1256 1534 Hagenii,
1316 1471 1532 1535 neque
1585 1452 1861 1518 aliorum
1914 1456 2299 1535 argumenta
2347 1451 2599 1516 efficere
2646 1457 2938 1537 possunt.
3030 1450 3141 1514 Ne

665 1575 886 1634 tamen
931 1575 1175 1636 temere
1221 1568 1306 1636 ab
1349 1569 1480 1636 illis
1525 1570 1679 1636 viris
1728 1570 2071 1636 dissentire
2111 1569 2364 1649 videar,
2402 1569 2667 1636 afferam
2700 1591 2817 1636 cur
2850 1571 2949 1636 ita
2989 1591 3142 1637 cen-

663 1708 839 1754 seam
854 1735 874 1766 ,
929 1689 1249 1754 nonnulla
1294 1687 1714 1774 praemittens
1762 1689 1843 1756 de
1890 1690 2287 1774 argumentis
2325 1690 2458 1755 iam
2500 1689 2582 1755 ab
2615 1688 2863 1756 Orellio
2900 1689 3141 1755 allatis.

753 1808 902 1873 Iam
963 1808 1046 1874 ab
1111 1808 1447 1887 omnibus,
1516 1809 1630 1893 qui
1703 1808 1783 1876 de
1851 1809 1975 1875 hoc
2023 1809 2171 1875 loco
2221 1808 2751 1895 disputaverunt,
2798 1805 3146 1873 dissentire

666 1947 772 1991 me
815 1927 1062 2002 fateor,
1116 1948 1318 2010 quum
1365 1925 1625 2005 dicunt,
1675 1928 1731 1990 si
1774 1926 1969 1992 verba
2015 1928 2086 1991 in
2148 1949 2225 1994 ea
2280 1929 2555 2013 epistola
2590 1927 2921 1993 Ciceronis
2970 1926 3146 2004 sint,

667 2065 808 2109 rem
883 2065 1021 2109 esse
1067 2044 1428 2109 confectam
1438 2091 1459 2122 ,
1521 2065 1736 2128 neque
1793 2045 2113 2110 Orellium
2167 2068 2352 2111 suam
2408 2046 2800 2112 sententiam
2850 2043 3151 2112 obtinere

665 2184 873 2249 posse.
933 2163 1132 2230 Quod
1161 2170 1428 2230 eatenus
1457 2163 1773 2242 admitto,
1804 2164 1980 2248 quod
2006 2164 2105 2228 illi
2131 2163 2518 2244 γνησιότητοι
2547 2164 2795 2250 primae
2820 2165 3139 2232 orationis

669 2288 849 2348 extra
884 2282 1156 2349 dubium
1195 2289 1511 2368 ponentes
1529 2333 1550 2362 ,
1595 2291 1911 2368 negarent
1945 2283 2088 2350 fieri
2124 2305 2315 2369 posse
2351 2291 2427 2348 ut
2466 2290 2749 2368 quatuor
2776 2284 3149 2351 orationum

667 2399 988 2465 editarum
1025 2407 1156 2466 tres
1205 2402 1550 2486 periissent
1591 2425 1814 2481 verae,
1860 2403 2063 2469 falsae
2110 2425 2261 2470 vero
2310 2403 2703 2470 substitutae
2743 2425 2892 2470 cum
2934 2403 3149 2489 prima

669 2519 952 2604 genuina
1005 2518 1088 2585 ad
1137 2543 1258 2586 nos
1301 2523 1736 2608 pervenirent.
1813 2523 2017 2589 Cuius
2074 2523 2442 2608 argumenti
2500 2523 2596 2588 vis
2644 2523 2833 2590 cadat
2882 2543 3151 2588 necesse

667 2644 802 2718 est,
845 2640 901 2706 si
943 2639 1023 2706 de
1067 2641 1276 2726 prima
1319 2663 1580 2727 quoque
1610 2642 1906 2710 oratione
1935 2642 2209 2710 dubium
2237 2643 2531 2708 iniicitur
2542 2690 2564 2721 ,
2594 2681 2681 2694 —-
2702 2663 2855 2708 nam
2885 2640 3146 2706 etiamsi

665 2760 848 2826 locus
883 2759 965 2824 ad
1008 2762 1306 2827 Atticum
1351 2764 1556 2850 ipsius
1586 2764 1789 2829 Tullii
1833 2771 2001 2830 esset
2017 2811 2039 2842 ,
2068 2763 2210 2830 fieri
2229 2770 2451 2831 tamen
2477 2767 2730 2848 poterat
2757 2766 2831 2825 ut
2860 2764 3149 2843 quatuor

662 2880 989 2947 orationes
1045 2889 1260 2948 essent
1321 2884 1718 2969 suppositae.
1770 2885 2056 2951 ‚Nonne
2116 2883 2366 2949 mentio
2413 2882 2490 2947 fit
2548 2878 2721 2966 apud
2776 2877 3146 2943 Asconium

661 3000 976 3067 orationis
1023 3002 1104 3069 de
1150 3002 1569 3088 haruspicum
1616 3004 1973 3089 responso?
2021 3040 2111 3053 ——
2160 3022 2383 3069 nonne
2420 2998 2827 3084 grammatici
2870 2995 3147 3063 laudant

661 3117 1199 3187 Marcellianam?
1309 3124 1587 3190 Quoties
1671 3123 1922 3189 mentio
2003 3122 2295 3187 iniicitur
2368 3119 2542 3206 apud
2616 3116 3147 3184 Quinc-tilianam

663 3236 1083 3320 epistolarum
1127 3240 1320 3304 Bruti
1365 3247 1431 3306 et
1475 3242 1859 3306 Ciceronis?
1934 3244 2179 3307 Nonne
2206 3240 2489 3306 misellas
2518 3236 3147 3304 Pseudo-Ciceronis

666 3362 732 3421 et
800 3356 1389 3425 Pseudo-Sallustii
1428 3359 2045 3425 declamatiunculas
2095 3360 2388 3426 historici
2445 3366 2511 3427 et
2560 3356 2833 3425 oratoris
2877 3355 3150 3422 nomine

661 3474 887 3540 laudat
953 3477 1236 3543 Fabius?
1317 3478 1542 3545 Quid?
1595 3501 1732 3545 non
1790 3479 1927 3565 ipse
1986 3478 2239 3543 Tullius
2296 3477 2382 3543 ad
2429 3477 2727 3543 Atticum
2771 3476 2951 3541 misit
3000 3496 3147 3540 ora-

664 3595 915 3661 tionem
971 3598 1053 3663 de
1109 3598 1304 3666 domo
1367 3600 1540 3685 apud
1581 3600 1935 3666 Pontifices
1980 3598 2312 3665 habitam?
2408 3595 2540 3662 Sed
2586 3595 2709 3661 hac
2767 3594 3149 3661 defensione

663 3738 858 3781 causa
896 3725 1120 3784 nostra
1167 3740 1304 3784 non
1341 3741 1527 3805 egere
1571 3719 1851 3787 videtur:
1885 3758 1989 3794 ,--
2034 3720 2250 3784 Locus
2302 3738 2431 3803 quo
2476 3716 2559 3782 de
2603 3715 2819 3799 agitur
2860 3713 2968 3779 hic
3012 3718 3145 3779 est:

760 3862 795 3896 n
818 3837 1274 3904 Oratiunculas
1316 3847 1532 3906 autem
1551 3889 1571 3918 ,
1607 3847 1672 3906 et
1711 3863 1869 3925 quas
1911 3838 2200 3925 postulas
2236 3844 2302 3902 et
2338 3836 2555 3920 plures
2592 3834 2822 3910 etiam,
2854 3832 3148 3909 mittam,

667 3955 978 4039 quoniam
1005 3957 1269 4042 quidem
1314 3981 1426 4035 ea,
1477 3980 1643 4042 quae
1686 3980 1807 4022 nos
1842 3956 2216 4031 scribimus,
2255 3951 2885 4017 adolescentulorum
2912 3950 3147 4017 studiis

669 4072 964 4151 excitati,
1021 4068 1088 4139 te
1131 4075 1330 4139 etiam
1381 4075 1729 4140 delectant.
1824 4075 1980 4140 Fuit
2032 4073 2209 4139 enim
2256 4071 2419 4136 mihi
2460 4069 2911 4147 commodum,
2968 4070 3149 4155 quod

669 4194 744 4259 in
813 4191 894 4256 iis
959 4193 1363 4258 orationibus
1380 4241 1400 4270 ,
1447 4217 1614 4278 quae
1657 4170 2063 4281 Philippicae
2106 4191 2568 4268 nominantur,
2616 4191 2942 4257 enituerat
2988 4190 3149 4255 civis

669 4311 784 4376 ille
839 4318 992 4376 tuus
1038 4311 1552 4393 Demosthenes,
1615 4322 1682 4382 et
1733 4315 1910 4400 quod
1957 4336 2027 4381 se
2073 4313 2154 4379 ab
2195 4313 2321 4378 hoc
2359 4309 2801 4378 refractariolo
2856 4307 3145 4381 iudiciali

675 4429 932 4495 dicendi
1004 4454 1238 4516 genere
1303 4432 1690 4502 abiunxerat
1707 4484 1727 4514 ,
1799 4442 1877 4502 ut
1947 4455 2131 4500 meae
2198 4454 2458 4518 quoque
2534 4434 2749 4501 essent
2816 4426 3145 4494 orationes

733 4703 822 4773 ¹⁰⁷)
855 4708 1059 4773 Quinct.
1094 4708 1164 4761 X.
1207 4715 1252 4763 7.
1289 4712 1314 4777 ς
1351 4717 1435 4763 28.
1473 4713 1536 4765 cf.
1571 4715 1640 4764 id.
1673 4714 1775 4765 XI.
1818 4720 1863 4766 1.
1900 4715 1926 4781 §
1968 4720 2012 4765 1.
2048 4714 2151 4781 030.
2188 4714 2252 4764 de
2288 4710 2429 4763 Orat.
2460 4710 2563 4761 111.
2600 4714 2663 4760 lo
2696 4720 2802 4773 sqq.
