3375 5500
1860 419 1947 481 24

766 631 889 706 VI.
956 627 1150 709 Quid
1191 633 1298 701 est
1327 625 1509 700 enim
1534 684 1553 714 ,
1595 625 1931 713 Catilina,
1962 624 2151 724 quod
2180 625 2415 699 teiam
2444 625 2519 698 in
2549 621 2679 699 hac
2702 625 2873 700 urbe
2906 626 3121 702 delec-

667 768 815 834 tare
848 756 1116 856 possit?
1154 755 1229 830 in
1259 779 1400 853 qua
1427 778 1634 828 nemo
1664 762 1771 828 est
1800 761 1996 828 extra
2018 753 2227 828 istam
2258 753 2797 828 coniurationem
2822 757 3120 855 perdito-

669 914 828 964 rum
857 886 1244 973 hominum,
1286 883 1410 983 qui
1436 890 1506 958 te
1533 907 1693 988 non·
1706 889 2010 971 metuat,
2037 907 2279 970 nemo,
2302 883 2591 982 quinon
2613 883 2855 958 oderit.
2922 887 3121 962 Quae

668 1024 833 1091 nota
888 1013 1301 1090 domesticae
1343 1013 1799 1112 turpitudinis
1846 1037 1985 1088 non
2026 1012 2259 1087 inusta
2305 1012 2483 1086 vitae
2533 1018 2695 1087 tuae
2732 1017 2883 1088 est?
2934 1015 3124 1112 quod

668 1147 1087 1246 privatarum
1147 1168 1376 1218 rerum
1444 1144 1751 1225 dedecus
1814 1168 1954 1217 non
2014 1142 2326 1217 inhaeret
2370 1143 2467 1235 ³³)
2536 1142 2609 1215 in
2662 1141 2898 1216 fama?
2946 1168 3123 1240 quae

669 1274 885 1349 libido
929 1271 1018 1347 ab
1063 1271 1282 1346 oculis
1301 1329 1320 1358 ,
1371 1271 1562 1370 quod
1603 1271 1871 1346 facinus
1912 1295 1955 1344 a
1994 1269 2319 1345 manibus
2358 1293 2672 1368 unquam
2712 1272 2886 1359 tuis,
2936 1272 3127 1370 quod

666 1404 1010 1504 flagitium
1078 1426 1121 1475 a
1182 1406 1329 1474 toto
1389 1424 1666 1499 corpore
1710 1399 1989 1476 abfuit?
2038 1400 2151 1474 cui
2197 1405 2278 1473 tu
2315 1399 2821 1474 adolescentulo
2840 1458 2860 1488 ,
2912 1424 3125 1497 quem

665 1531 1208 1631 corruptelarum
1260 1527 1598 1604 illecebris
1659 1529 1995 1603 irretisses
2014 1586 2035 1616 ,
2086 1551 2226 1602 non
2274 1534 2398 1604 aut
2447 1526 2537 1602 ad
2588 1526 2950 1602 audaciam
2991 1526 3121 1602 fer-

666 1685 824 1736 rum
889 1666 1014 1736 aut
1069 1658 1163 1736 ad
1219 1656 1582 1732 libidinem
1651 1657 1873 1732 facem
1940 1655 2375 1756 praetulisti?
2478 1659 2591 1730 14.
2668 1656 2864 1735 Quid
2917 1681 3077 1730 vero
3091 1659 3126 1730 P

665 1814 923 1890 nuper,
993 1812 1217 1888 quum
1285 1794 1507 1862 morte
1571 1784 1940 1888 superioris
1992 1785 2225 1860 uxoris
2274 1784 2469 1859 novis
2520 1783 2783 1882 nuptiis
2836 1783 3130 1859 domum

665 1916 1188 2003 vacuefecisses,
1265 1940 1496 1990 nonne
1557 1916 1768 1990 etiam
1813 1915 1947 1990 alio
1996 1913 2387 1990 incredibili
2435 1913 2683 1988 scelere
2726 1912 2855 1987 hoc
2902 1913 3129 1988 scelus

667 2043 1089 2119 cumulasti?
1153 2043 1342 2140 quod
1409 2066 1540 2142 ego
1606 2041 2078 2141 praetermitto
2136 2049 2208 2115 et
2254 2040 2453 2116 facile
2497 2040 2719 2140 patior
2770 2040 2987 2130 sileri,
3038 2065 3131 2116 ne

668 2176 742 2248 in
807 2174 934 2248 hac
1001 2171 1276 2246 civitate
1350 2167 1530 2244 tanti
1591 2167 1909 2244 facinoris
1968 2166 2365 2244 immanitas
2429 2175 2553 2243 aut
2610 2169 2954 2244 exstitisse
3004 2178 3132 2246 aut

668 2327 808 2378 non
868 2299 1214 2376 vindicata
1268 2323 1418 2374 esse
1460 2299 1795 2374 videatur.
1893 2297 2376 2374 Praetermitto
2411 2297 2648 2373 ruinas
2693 2298 3133 2374 fortunarum

667 2439 944 2506 tuarum
961 2488 982 2518 ,
1046 2453 1222 2528 quas
1269 2452 1510 2502 omnes
1551 2427 1949 2526 impendere
1993 2426 2123 2501 tibi
2160 2427 2491 2525 proximis
2530 2427 2779 2503 Idibus
2830 2429 3129 2503 senties:

669 2560 762 2634 ad
830 2559 948 2633 illa
1011 2554 1248 2646 venio,
1319 2579 1499 2656 quae
1558 2580 1699 2630 non
1760 2554 1851 2630 ad
1910 2555 2250 2655 privatam
2295 2555 2750 2656 ignominiam
2802 2556 3133 2631 vitiorum

667 2697 979 2776 tuorum,
1051 2710 1192 2761 non
1256 2685 1347 2762 ad
1408 2684 1857 2761 domesticam
1920 2690 2117 2759 tuam
2178 2684 2649 2761 difficultatem
2697 2709 2775 2759 ac
2819 2685 3129 2785 turpitu-

669 2816 940 2905 dinem,
1025 2816 1150 2890 sed
1215 2816 1306 2891 ad
1378 2839 1723 2891 summam
1794 2813 2294 2915 rempublicam
2370 2823 2581 2914 atque
2643 2814 2734 2890 ad
2802 2814 3130 2889 omnium

756 2974 819 3047 ³³)
853 2979 1043 3031 haeret.

747 3205 898 3280 Quid
937 3212 1020 3266 est
1059 3206 1212 3265 enim
1529 3207 1705 3267 vitam
1747 3207 2094 3286 salutemque
2128 3203 2434 3284 pertinent,
2522 3236 2604 3249 —-
2644 3203 2869 3281 ferrum
2902 3212 3141 3283 praetu-

664 3305 798 3368 listi.
841 3303 1023 3366 Recte
1047 3302 1292 3363 dicitur·
1335 3302 1561 3363 »facem
1599 3302 1903 3382 praeferre
1935 3302 2179 3362 alicui?
2214 3311 2305 3371 at,
2334 3301 2565 3362 serrum
2594 3300 2773 3361 alicui
2802 3301 3142 3380 praeferre,

659 3402 838 3463 nihili
881 3410 989 3461 est.
1071 3432 1153 3445 -
1183 3404 1364 3459 morte
1404 3397 1717 3479 superioris
1757 3397 1961 3459 uaeris
1995 3396 2155 3459 nevis
2194 3397 2412 3476 nuptiis
2450 3398 2678 3459 deinum
2716 3398 3141 3476 vacuefecisses.

663 3496 882 3557 Obiicit
925 3496 1114 3575 igitur
1155 3493 1390 3565 rhetor,
1441 3495 1759 3556 Catilinam
1816 3493 2191 3555 interfecisse
2240 3510 2492 3553 uxorem
2544 3503 2614 3554 ut
2662 3512 2851 3555 novas
2892 3495 3143 3573 nuptias

662 3592 968 3655 celebrare
1019 3600 1241 3670 posset:
1289 3589 1408 3651 hoc
1449 3599 1654 3651 tamen
1704 3608 1827 3651 non
1872 3590 2017 3650 fecit
2065 3595 2273 3658 morte,
2315 3588 2422 3649 sed
2456 3607 2591 3649 nece
2630 3592 2837 3651 uxoris
2870 3610 3047 3661 suae,
3092 3591 3141 3651 si

663 3710 761 3753 res
803 3704 1017 3769 nempe
1079 3706 1225 3751 vera
1279 3697 1470 3757 esset,
1531 3688 1753 3769 quippe
1808 3706 1989 3767 quam
2050 3696 2293 3769 praeter
2346 3697 2735 3767 personatum
2784 3686 3143 3748 Ciceronem

663 3805 845 3848 nemo
892 3793 1117 3845 narrat.
1200 3782 1271 3844 In
1327 3802 1595 3845 errorem
1645 3784 1927 3845 incidisse
1982 3794 2257 3847 nostrum
2313 3794 2547 3845 certum
2602 3793 2720 3854 est;
2770 3802 2910 3845 nam
2961 3786 3143 3847 novis

663 3882 894 3962 nuptiis
943 3900 1192 3942 vacuam
1246 3880 1390 3943 fecit
1439 3881 1684 3943 domum
1736 3881 2017 3951 Catilina,
2064 3880 2191 3941 filio
2248 3881 2453 3942 adulta
2505 3888 2702 3940 aetate
2759 3888 3007 3956 necate,
3074 3890 3143 3942 ut

670 3977 978 4037 Aureliam
1022 3975 1364 4037 Orestillam
1405 3976 1626 4038 ducere
1669 3986 1897 4057 posset,
1942 3975 2080 4037 Sall.
2116 3974 2177 4035 B.
2210 3975 2270 4036 C.
2309 3977 2401 4036 15.
2440 3973 2563 4035 Val.
2601 3974 2751 4036 Max.
2782 3974 2879 4036 IX.
2916 3976 2972 4037 1.
3007 3975 3067 4057 S
3088 3979 3141 4037 9.

662 4108 746 4122 --
778 4071 985 4133 ruinas
1019 4071 1388 4149 fortunarum
1421 4079 1682 4141 tuarum,
1718 4090 1862 4152 quas
1880 4104 1962 4117 --·
1988 4072 2311 4152 impendere
2332 4072 2549 4135 senties.
2614 4071 2884 4134 »Ruinae
2904 4072 3142 4152 impen-

665 4168 877 4238 dent’'‚
919 4178 1084 4230 recte
1125 4168 1378 4238 dicitur;
1423 4186 1546 4228 non
1586 4168 1758 4228 item:
1792 4168 2003 4229 ruinae
2034 4168 2412 4230 fortunarum
2450 4179 2709 4231 tuarum.
2790 4204 2873 4215 —
2900 4167 2981 4228 ad
3006 4168 3143 4246 pri-

665 4273 856 4327 vatam
876 4264 1279 4345 iynominiam:
1309 4283 1432 4326 non
1463 4265 1581 4325 dici
1602 4264 1721 4325 hoc
1741 4275 1941 4345 potest
1962 4266 2039 4327 de
2061 4265 2389 4346 ignominia
2407 4313 2421 4336 ,
2444 4284 2599 4347 quae
2620 4268 2889 4327 nascitur
2908 4284 2987 4326 ex
3007 4266 3142 4326 vita

664 4365 914 4446 privata.
996 4396 1079 4409 -
1113 4360 1192 4423 ad
1231 4361 1594 4423 domesticam
1631 4361 2052 4444 difficultatem.
2134 4361 2319 4425 Recte
2363 4363 2634 4426 Halmius
2666 4362 2821 4425 vidit
2853 4362 2973 4422 hoc
3000 4380 3141 4423 esse

569 4464 584 4483 ⁶
666 4458 1080 4539 accipiendum
1121 4458 1198 4520 de
1234 4476 1376 4519 aere
1411 4458 1608 4519 alieno
1642 4467 1708 4519 et
1742 4467 2013 4539 egestate
2048 4457 2369 4520 Catilinae:
2410 4459 2697 4521 adscribit
2720 4458 2837 4518 Cic.
2873 4460 2939 4518 in
2961 4455 3140 4519 Verr.

667 4554 760 4616 IV.
797 4559 851 4617 6.
889 4554 938 4637 5
974 4557 1080 4616 11:
1117 4556 1574 4637 »quaerendum
1605 4565 1724 4625 est,
1754 4575 1901 4616 num
1930 4565 2100 4617 tanta
2130 4555 2451 4618 difficultas
2479 4573 2617 4618 eum
2647 4555 2737 4615 rei
2760 4555 3137 4615 nummariae

667 4650 988 4712 tenuerit.'’
1039 4649 1158 4711 Sed
1189 4652 1516 4713 domestica
1545 4652 1895 4721 difficultas,
1926 4670 2048 4714 non
2078 4653 2240 4714 idem
2270 4663 2363 4713 est
2393 4674 2463 4715 ac
2492 4652 2813 4715 difficultas
2840 4649 2930 4709 rei
2958 4668 3134 4711 num-

665 4746 912 4807 mariae:
949 4745 1157 4810 Cicero
1189 4746 1304 4810 hoc
1339 4748 1510 4809 dicit:
1545 4748 1948 4829 difficultatem
1980 4748 2365 4811 nummariam
2392 4750 2457 4812 in
2481 4748 2645 4811 Verr.
2670 4746 2740 4809 ΙΙ.
2764 4765 2823 4807 11.
2845 4746 2941 4808 28.
2964 4744 3017 4826 S
3036 4745 3133 4805 69.
