3375 5500
1741 448 2005 464 μ

635 665 788 728 mihi
835 681 1068 745 semper
1111 659 1415 742 adfuisti,
1462 656 1949 743 absconditosque
1984 656 2393 725 Bibliothecae
2438 661 2843 730 Academicus
2870 670 3111 734 thesau-

639 832 773 889 ros,
827 831 950 897 qua
997 830 1060 875 es
1101 811 1506 885 humanitate,
1561 807 1713 872 mihi
1739 811 1959 889 patere
2003 809 2247 874 voluisti
2258 839 2300 887 ,κ
2342 813 2423 875 st
2464 819 2753 880 venerari
2802 838 3109 904 uunquam

599 915 606 922 -
640 964 932 1027 desinam.

729 1115 1023 1178 Nondum
1063 1114 1260 1198 officio
1295 1109 1568 1192 functus
1597 1128 1753 1175 sum.
1822 1107 2005 1181 Quod
2032 1110 2143 1171 hos
2179 1111 2347 1174 viros
2376 1111 2763 1179 clarissimos
2797 1117 3113 1182 habuerim

639 1215 979 1330 studiorum
1043 1263 1224 1326 duces
1293 1266 1352 1324 et
1421 1260 1829 1322 moderatores
1881 1277 2045 1341 prae
2108 1259 2251 1322 aliis
2310 1261 2446 1324 Tibi
2510 1262 2688 1327 debeo
2751 1268 3113 1332 amicissime

643 1416 834 1480 Βοοί·
852 1463 874 1492 ,
919 1414 1024 1497 qui
1067 1416 1389 1495 antequam
1428 1411 1514 1472 ad
1567 1409 1937 1474 cathedram
1974 1409 2587 1474 Amstelodameusem
2630 1418 2941 1480 vocareris
2955 1465 2977 1495 ,
3022 1437 3115 1482 me

641 1564 912 1629 imbuisti
958 1581 1026 1626 eo
1079 1580 1284 1624 amore
1345 1561 1690 1628 litterarum
1706 1607 1727 1638 ‚
1790 1580 1906 1645 quo
1948 1564 2109 1623 totus
2146 1559 2331 1622 ardeo
2346 1588 2374 1634 ,·
2444 1561 2527 1622 Te
2574 1567 2819 1626 auctore
2851 1563 3107 1646 factum

641 1720 729 1777 est
742 1761 764 1792 ,
817 1715 885 1775 ut
932 1711 1000 1774 in
1039 1712 1136 1774 his
1187 1712 1408 1774 studiis
1447 1711 1608 1774 vitae
1647 1709 2106 1774 tabernaculum
2138 1728 2367 1794 ponere
2410 1709 2777 1775 decreverim
2788 1740 2817 1789 ;
2872 1714 3009 1777 Tibi
3062 1719 3119 1778 si

645 1865 796 1949 quid
837 1881 1106 1946 unquam
1157 1862 1224 1923 in
1284 1861 1506 1924 litteris
1558 1862 1781 1924 nostris
1826 1861 2193 1942 praestitero
2209 1907 2231 1938 ‚
2288 1864 2537 1944 ⁸aratum
2593 1859 2757 1924 illud·
2816 1863 3111 1946 referam.

743 2161 1011 2224 Tandem
1055 2179 1160 2225 vos
1203 2158 1438 2242 appello
1483 2157 1953 2238 coniunctissimi
1989 2163 2048 2221 et
2084 2158 2437 2223 amicissimi
2470 2159 2811 2224 studiorum
2855 2165 3119 2228 Commi-

645 2313 858 2374 litones
872 2359 894 2389 ,
939 2312 1076 2374 licet
1111 2310 1408 2372 neminem
1439 2307 1588 2390 fere
1621 2307 1865 2370 videam
1886 2325 2111 2376 ,eorum
2124 2353 2145 2385 ‚
2191 2307 2544 2392 quibuscum
2577 2309 2643 2372 iu
2686 2313 2842 2374 hauc
2886 2315 3115 2378 almam

651 2460 985 2524 Musarum
1039 2459 1238 2522 sedem
1289 2458 1512 2540 pedem
1575 2458 1903 2520 intulerim.
1996 2457 2193 2539 Saepe
2242 2459 2397 2521 soleo
2445 2479 2681 2524 summa
2730 2480 2865 2524 cum
2886 2464 3119 2546 volup-

647 2614 772 2672 tate
799 2609 1002 2672 redire
1035 2610 1101 2672 iu
1129 2609 1481 2672 memoriam
1507 2627 1715 2672 eorum
1746 2608 1983 2670 dierum
2010 2609 2578 2676 iucundissimorum
2592 2661 2613 2690 ,
2642 2633 2790 2698 quos
2818 2611 3122 2677 vobiscum

638 2780 940 2845 perayere
993 2761 1142 2823 mihi
1187 2762 1398 2837 licuit,
1433 2761 1801 2845 praesertim
1844 2760 2005 2822 illud
2042 2765 2274 2842 tempus
2314 2766 2501 2843 yrata
2543 2764 2834 2826 memoria
2884 2762 3079 2826 recolo
3094 2810 3119 2841 ,

649 2910 816 2994 quod
857 2908 1106 2975 Studiis
1159 2915 1224 2975 et
1273 2909 1623 2976 Amicitiae
1673 2910 2001 2988 dabamus,
2048 2928 2164 2994 quo
2208 2911 2441 2973 nullum
2488 2932 2755 2996 unquam
2796 2912 3123 2977 iucundius

650 3059 919 3141 coynovi.
1009 3060 1141 3123 Pro
1207 3062 1478 3125 amicitia
1541 3064 1749 3125 nostra
1800 3064 1911 3124 hoc
1974 3080 2078 3124 vos
2134 3073 2279 3144 royo
2332 3066 2401 3124 ut
2462 3062 2578 3123 mei
2632 3060 2769 3123 sitis
2816 3078 3125 3125 memores.

662 3208 782 3272 Vos
797 3258 818 3289 ,
868 3212 1033 3297 quod
1066 3229 1144 3273 ea·
1193 3214 1392 3277 animo
1442 3233 1570 3276 meo
1616 3231 1735 3276 uon
1789 3210 2139 3273 eoecideritis
2153 3258 2173 3289 ,
2218 3211 2339 3294 ipsi
2382 3214 2659 3273 auctores
2684 3209 2933 3292 fuistis.
