3375 5500
1560 416 1642 479 5⁷

377 625 550 702 mini
565 629 601 701 P
697 629 850 727 Ego
911 627 1044 704 feci
1104 632 1295 729 quod
1359 655 1498 708 non
1543 644 1688 712 erat
1732 645 1815 713 ut
1852 646 2033 715 esset
2050 698 2070 730 ,
2122 665 2242 716 vos
2286 665 2399 717 me
2438 643 2540 719 ibi
2562 652 2828 726 morari

373 795 513 846 non
561 770 837 850 sinitis?
933 775 1090 850 Iam
1135 777 1275 852 iam
1317 803 1504 855 nunc
1549 781 1842 858 arbitror
1875 786 1955 859 P.
1991 785 2069 859 C.
2086 843 2105 874 ‚
2158 785 2453 883 qualiter
2500 788 2589 864 sit
2624 791 2820 868 inho-

373 923 570 992 nesta
583 973 604 1004 ‚
672 916 1102 1017 cognoscitis,
1170 921 1380 997 Nunc
1424 924 1719 1023 qualiter
1762 927 1853 1002 sit
1891 927 2157 1002 inutilis
2198 929 2556 1008 attendite.
2636 935 2823 1010 Nam

373 1060 432 1135 si
499 1062 911 1139 sententiam
985 1065 1434 1164 probaveritis
1514 1073 1852 1149 maximas
1918 1074 2341 1149 calamitates
2386 1075 2698 1174 publicas
2752 1087 2823 1154 et

372 1203 672 1303 privatas
713 1206 1098 1307 suscipietis
1115 1268 1136 1299 ,
1181 1211 1350 1312 reip.
1395 1215 1625 1290 hostes
1662 1217 2027 1292 acerrimos
2069 1224 2139 1292 et
2182 1218 2589 1318 asperrimos
2633 1245 2819 1296 com-

371 1348 787 1446 probabitis,
858 1351 1049 1426 vobis
1116 1353 1285 1453 ipsis
1357 1359 1644 1433 mortale
1708 1360 1950 1434 odium
1998 1367 2067 1434 et
2106 1360 2435 1437 invidiam
2474 1386 2819 1438 summam

371 1490 756 1566 conflabitis
771 1553 790 1581 ,
856 1497 1100 1573 urbem
1165 1525 1302 1576 non
1377 1504 1521 1576 solo
1584 1513 1664 1578 ut
1720 1504 1983 1603 putatis
2046 1503 2343 1578 Catilina
2357 1563 2376 1594 ‚
2428 1503 2551 1578 sed
2604 1530 2815 1603 quam

370 1632 686 1732 plurimis
746 1637 1011 1714 civibus
1070 1644 1448 1720 vacuabitis
1493 1653 1563 1720 et
1609 1647 1800 1745 quod
1850 1653 1956 1720 est
2012 1655 2355 1721 extremae
2397 1646 2814 1738 dementiae,

370 1777 866 1875 placidissimos
914 1784 1170 1860 amicos
1216 1786 1696 1862 infestissimos
1744 1789 2047 1863 reddetis
2094 1788 2429 1862 inimicos,

471 1934 610 2008 Sed
652 1960 775 2037 per
815 1935 978 2009 deos
1017 1930 1436 2006 immortales
1452 1991 1472 2021 ‚
1506 1956 1840 2031 quorsum
1865 1931 2234 2007 adversarii
2261 1939 2407 2006 tota
2435 1929 2821 2029 deprecatio

370 2077 738 2180 pertinuit?
806 2075 1389 2150 Coniurationem‘
1411 2101 1715 2176 namque
1754 2077 2123 2177 indignum
2159 2077 2424 2152 facinus
2464 2076 2821 2151 ostendere

376 2221 728 2310 laboravit,
775 2246 936 2296 cum
975 2245 1064 2294 an
1103 2219 1483 2294 coniuratio
1526 2220 1707 2294 facta
1747 2219 1837 2294 sit
1876 2220 2271 2320 ambigatur
2306 2221 2488 2294 etde
2514 2247 2595 2295 ea
2622 2221 2822 2319 quasi

372 2391 509 2439 non
571 2373 884 2440 sumtum
941 2363 1358 2464 supplicium
1376 2423 1396 2453 ,
1463 2363 1551 2437 de
1618 2388 1758 2461 qua
1820 2364 2133 2438 nondum
2207 2363 2665 2439 constitutum
2716 2371 2822 2438 est

373 2507 707 2582 iudicium
723 2566 742 2597 ‚
792 2507 1043 2582 clamat
1089 2513 1160 2580 et
1204 2506 1410 2582 dolet.
1484 2507 1550 2580 Ο
1591 2507 1962 2606 indignum
2005 2475 2269 2582 86611181ι
2333 2507 2631 2596 Catilina
2679 2507 2820 2581 iam

379 2676 518 2725 non
571 2651 817 2751 dignas
867 2675 1123 2751 poenas
1167 2675 1294 2749 pro
1339 2650 1807 2726 coniuratione
1858 2649 2085 2740 dedit,
2126 2650 2327 2751 quasi
2372 2651 2460 2724 de
2509 2649 2818 2724 coniura-

374 2795 562 2869 tione
641 2802 999 2869 constaret.
1101 2796 1283 2869 Cum
1352 2820 1490 2869 non
1556 2796 1698 2869 iam
1764 2794 1988 2893 magis
2065 2794 2141 2868 id
2195 2794 2549 2893 probando
2608 2818 2821 2892 quam

371 2935 662 3011 dicendo
677 2997 697 3026 ,
743 2962 907 3011 suae
945 2936 1323 3010 sententiae
1364 2935 1586 3011 basim
1630 2937 1991 3011 constituit
2040 2948 2110 3010 et
2154 2938 2230 3010 id
2286 2939 2507 3012 solum
2552 2946 2818 3013 certum

368 3080 775 3170 denunciat,
847 3081 1036 3180 quod
1104 3104 1230 3153 nec
1293 3079 1590 3154 testibus
1637 3104 1767 3154 nec
1822 3086 1926 3153 est
1970 3079 2397 3177 argumentis
2448 3079 2817 3178 probatum

369 3223 493 3296 sed
537 3222 708 3297 falsa
753 3224 1055 3321 quadam
1104 3223 1489 3322 suspicione
1533 3225 1928 3309 confictum,
1970 3245 2149 3321 quae
2190 3246 2232 3295 a
2259 3222 2501 3319 quovis
2539 3249 2819 3324 quoquo

368 3367 577 3442 modo
616 3368 919 3467 confingi
960 3374 1209 3467 potest.
1308 3368 1496 3442 Nam
1545 3368 1709 3466 quia
1758 3366 2055 3441 Catilina
2097 3367 2175 3441 P.
2222 3367 2301 3441 C.
2343 3373 2489 3441 tam
2534 3368 2818 3467 popula-

365 3511 559 3586 ribus
604 3536 816 3610 quam
861 3511 1323 3587 summatibus
1365 3519 1470 3587 est
1509 3520 1865 3612 acceptus,
1916 3511 2082 3611 quia
2122 3510 2376 3609 ignoti,
2418 3512 2597 3600 noti,
2638 3510 2856 3587 cives*

366 3654 740 3754 peregrini,
787 3654 1053 3729 nobiles
1069 3712 1088 3743 ,
1137 3655 1478 3754 ignobiles
1520 3657 1807 3731 domum
1842 3657 1992 3730 eius
2022 3656 2499 3754 frequentant,
2542 3654 2706 3753 quia
2735 3681 2817 3730 eo

363 3798 872 3882 munificentior
931 3797 1403 3898 affabiliorquc
1417 3857 1437 3889 ,
1502 3800 1670 3874 vivit
1732 3800 2002 3889 nullus,
2052 3797 2217 3898 quia
2262 3804 2333 3872 et
2372 3799 2583 3874 habet
2628 3799 2819 3897 quod

370 3941 523 4031 det,
583 3951 654 4016 et
707 3944 828 4018 dat
870 3968 1076 4018 nemo
1123 3942 1382 4043 largius
1426 3943 1678 4019 idcirco
1722 3943 2262 4020 coniurationem
2305 3942 2395 4017 ab
2443 3967 2525 4016 6ο
2564 3941 2817 4017 factam

365 4086 738 4164 contendit.
805 4088 1077 4167 Quodsi
1126 4089 1214 4163 ab
1253 4086 1654 4163 hominibus
1696 4088 1911 4163 amari
1930 4146 1950 4178 ,
2000 4086 2420 4186 frequentari
2437 4145 2459 4177 ,
2508 4084 2775 4160 consuli
2788 4144 2808 4175 ‚

366 4210 625 4307 visitari
685 4231 1225 4307 coniurationem
1291 4257 1614 4307 vocamus
1629 4292 1650 4322 ,
1695 4234 1837 4308 iam
1886 4232 2184 4308 Catilina
2223 4232 2393 4305 item
2426 4229 2703 4304 Laelius
2745 4236 2817 4302 et

365 4374 594 4475 Scipio
629 4382 975 4475 praeterea
1024 4374 1352 4451 liberales·
1383 4384 1454 4451 et
1497 4376 1795 4477 dapsiles
1829 4374 2370 4451 coniurationem
2394 4377 2808 4448 accrescunt.

368 4516 580 4595 Quod
638 4543 795 4593 vero
865 4518 952 4593 de
1017 4518 1144 4592 filii
1203 4544 1371 4593 nece
1423 4546 1463 4594 a
1512 4519 1626 4619 pio
1676 4526 1870 4619 patre
1914 4524 2385 4618 perpetratum
2428 4540 2577 4590 6886
2638 4512 2813 4586 dixit

366 4659 462 4735 sic
503 4667 607 4734 est
648 4660 1046 4739 incredibile
1062 4720 1080 4752 ,
1131 4668 1210 4736 ut
1257 4661 1402 4736 sine
1450 4662 1713 4739 ratione
1762 4660 2220 4762 patrocinium
2268 4660 2576 4735 deleatur
2616 4681 2808 4756 prae-
