3375 5500
2550 461 2711 503 xun

238 643 444 708 linam
483 642 670 708 avide
709 640 1080 726 legebatur,
1125 641 1240 708 sed
1287 641 1464 726 quod
1506 643 1704 710 etiam
1751 644 1961 710 oratio
1990 643 2312 711 Catilinae
2349 645 2705 727 ferebatur,

239 783 374 847 qua
433 760 733 829 Ciceroni
780 762 851 827 in
903 765 1150 828 Senatu
1199 761 1636 847 respondisset
1652 811 1675 841 ‚
1735 764 2025 848 quamvis
2082 763 2327 831 diserto
2376 766 2705 833 Ciceronis

235 881 620 948 testimonio
667 880 796 970 22¹)
871 887 1128 948 constet
1141 927 1162 959 ‚
1230 881 1583 948 Catilinam
1645 882 1722 946 in
1799 884 2045 950 Senatu
2104 905 2145 947 a
2210 905 2279 950 sc
2336 892 2709 951 accusatum

242 1001 648 1068 obmutuisse
662 1027 686 1082 ,-
727 1021 894 1085 quae
937 1000 1132 1066 verba
1152 1048 1175 1077 ,
1222 999 1442 1066 nescio
1484 1022 1614 1085 quo
1660 1021 1913 1079 errore,
1958 1024 1999 1067 a
2042 1003 2541 1069 Westermanno
2576 1011 2701 1092 222)

235 1121 616 1188 referuntur
647 1120 733 1186 ad
771 1142 922 1188 eum
965 1120 1138 1186 diem
1153 1168 1176 1199 ,
1226 1141 1433 1205 quum
1479 1120 1709 1186 Cicero
1740 1121 2103 1188 orationem
2132 1121 2207 1186 in
2240 1129 2397 1206 toga
2433 1123 2708 1190 candida

239 1242 494 1309 habuit
527 1243 601 1306 in
663 1243 739 1306 C.
786 1241 1153 1308 Antonium
1200 1245 1266 1307 et
1330 1240 1717 1306 Catilinam:
1774 1241 1929 1307 huic
1992 1241 2171 1308 enim
2238 1242 2520 1308 orationi
2583 1245 2708 1308 Ca·-

237 1362 440 1427 tilina
491 1368 562 1428 et
602 1360 932 1427 Antonius
981 1359 1452 1426 contumeliose
1493 1359 1967 1446 responderunt
1982 1409 2005 1439 ‚
2050 1361 2227 1446 quod
2268 1361 2482 1426 solum
2526 1369 2710 1448 pote-

235 1488 396 1548 rant
413 1529 434 1561 ‚
473 1480 714 1549 invecti
755 1481 827 1544 in
867 1479 1224 1546 novitatem
1267 1478 1406 1544 eius
1441 1478 1594 1567 ²²³).
1687 1481 1913 1546 Quum
1960 1479 2219 1546 Wolfio·
2258 1481 2425 1547 hanc
2472 1482 2711 1549 oratio-

237 1622 402 1666 nem
439 1597 691 1668 'obtulit
742 1600 813 1664 in
857 1607 1072 1666 vetere
1112 1598 1336 1666 codice
1383 1598 1634 1664 iuvenis
1696 1599 1925 1675 Dauus
1936 1646 1957 1678 ‚
2010 1601 2221 1685 primo
2278 1602 2513 1686 cupido
2560 1623 2710 1669 eum

239 1720 514 1785 incessit
585 1741 692 1784 eas
752 1739 958 1803 nugas
1025 1717 1305 1785 orationi
1364 1717 1829 1784 Marcellianae
1880 1718 2193 1785 addendi:
2250 1719 2367 1785 sed
2418 1721 2710 1788 taedium

240 1837 543 1905 lectionis
596 1846 856 1905 tantum
901 1837 1028 1903 fuit
1044 1885 1062 1914 ,
1119 1844 1197 1903 ut
1248 1836 1316 1901 id
1365 1857 1514 1902 cum
1562 1837 1706 1902 aliis
1752 1838 2229 1904 communicare
2282 1838 2712 1906 inhumanum

243 1965 508 2043 putaret
551 1963 704 2043 ²²¹¹).
795 1957 924 2022 Eas
983 1979 1190 2042 nugas
1251 1957 1458 2024 edidit
1475 2005 1496 2035 ‚
1565 1957 1753 2022 nulla
1794 1957 2051 2024 ratione
2091 1956 2317 2024 habita
2360 1958 2713 2026 Durantini

245 2078 490 2157 libelli,
537 2078 692 2143 Chr.
743 2077 1242 2161 Schoettgenius
1297 2076 1601 2142 Cruciani
1646 2076 2033 2143 Dresdensis
2085 2077 2331 2144 Rector
2378 2079 2503 2166 ²²⁸)
2526 2127 2546 2156 ‚
2600 2081 2713 2166 qui

249 2217 326 2263 eo
389 2197 688 2263 inscitiae
749 2197 1063 2282 processit
1079 2244 1100 2274 ,
1174 2201 1253 2261 ut
1317 2217 1462 2262 eam
1527 2196 1890 2262 orationem
1952 2197 2054 2262 vel
2106 2197 2191 2263 ab
2237 2198 2379 2284 ipso
2428 2199 2714 2265 Catilina

249 2317 573 2396 habitam,
648 2317 748 2382 vel
812 2316 1078 2382 nomine
1137 2317 1340 2402 ipsius
1385 2314 1468 2382 ab
1513 2316 1643 2381 alio
1692 2315 1973 2400 quodam
1992 2363 2015 2394 ‚
2062 2316 2179 2382 sed
2221 2319 2481 2385 saeculo
2530 2319 2713 2386 Cice-

248 2438 524 2502 roniano
540 2483 562 2514 ,
619 2436 1052 2521 conscriptam
1097 2443 1357 2521 putaret
1367 2483 1388 2514 ,
1444 2439 1532 2521 1.)
1580 2436 1737 2520 quia
1770 2436 1963 2502 stilus
1998 2436 2151 2502 talis
2192 2437 2281 2503 sit
2294 2484 2316 2515 ‚
2362 2444 2441 2504 ut
2486 2460 2716 2505 aevum

253 2555 755 2622 Ciceronianum
811 2555 1020 2640 sapiat
1035 2603 1056 2633 ,
1122 2557 1214 2641 2.)
1269 2556 1424 2640 quia
1486 2555 1811 2622 Asconius
1861 2563 1929 2623 ct
1974 2556 2319 2622 Sallustius
2358 2564 2715 2637 testentur,

257 2677 459 2744 talem
519 2677 880 2742 orationem
939 2698 982 2741 a
1035 2676 1323 2742 Catilina
1375 2674 1665 2741 habitam
1724 2674 1927 2741 fuisse
1942 2722 1963 2754 ,
2020 2673 2112 2764 3.)
2168 2675 2321 2761 quia
2368 2697 2471 2742 res
2488 2725 2508 2756 ‚
2556 2700 2714 2762 quas

257 2798 580 2863 Asconius
626 2802 694 2863 et
743 2770 1097 2863 Sallustius
1139 2818 1180 2861 a
1223 2796 1512 2862 Catilina
1555 2796 1841 2881 prolatas
1880 2818 2023 2863 esse
2064 2797 2349 2864 scribant
2362 2846 2385 2876 ,
2440 2799 2549 2865 hic
2602 2798 2719 2865 ob-

257 2924 625 2984 serventur:
681 2916 958 2983 candide
1003 2922 1223 2982 tamen
1272 2914 1456 2982 addit
1499 2915 1623 2981 sibi
1659 2915 1932 3002 perinde
1978 2937 2148 2995 esse,
2192 2917 2327 2984 sive
2374 2924 2539 2996 stet,
2582 2920 2717 2985 sive
2786 2931 2789 2935 '

259 3037 446 3103 cadat
505 3038 668 3103 haec
729 3036 940 3104 oratio
956 3084 979 3115 ‚
1049 3036 1107 3101 si
1159 3036 1308 3121 quis
1367 3056 1649 3101 asserere
1713 3036 1906 3113 velit,
1950 3057 2099 3101 eam
2147 3057 2287 3103 esse
2334 3037 2637 3124 scriptam
2680 3061 2721 3103 a

261 3159 398 3225 viro
437 3158 668 3236 docto,
697 3155 1182 3223 renascentibus
1221 3154 1458 3221 litteris
1471 3182 1491 3235 3
1537 3176 1606 3221 se
1651 3156 1828 3221 enim
1872 3154 2136 3235 fecisse,
2166 3157 2342 3242 quod
2365 3158 2720 3244 potuisset,

263 3284 326 3343 et
367 3278 442 3343 in
478 3278 770 3345 medium
813 3276 1159 3364 protulisse
1173 3323 1194 3354 ,
1243 3297 1413 3362 quae
1455 3297 1537 3343 ex
1579 3276 1976 3362 antiquitate
2022 3276 2293 3361 proferri
2336 3280 2722 3363 potuissent.

351 3396 479 3463 Sed
545 3404 798 3483 praeter
857 3396 1015 3462 duas
1083 3416 1190 3462 eas
1263 3397 1623 3474 orationes,
1698 3396 1780 3462 de
1828 3395 2065 3482 quibus
2119 3396 2252 3461 dixi
2268 3444 2290 3475 ‚
2338 3396 2467 3461 alia
2526 3398 2722 3462 etiam

265 3521 470 3582 exstat
515 3518 846 3585 Ciceronis
865 3565 886 3596 ,
937 3523 1004 3585 et
1048 3518 1178 3583 alia
1225 3515 1548 3583 Catilinae
1583 3516 1903 3582 invectiva
1944 3517 2315 3601 responsiva
2348 3517 2421 3581 in
2465 3517 2724 3584 Cicero-

266 3656 432 3701 nem.
525 3638 665 3704 Has
715 3645 937 3705 autem
985 3638 1310 3703 orationes
1325 3683 1346 3714 ,
1389 3659 1554 3721 quas
1598 3637 1771 3723 typis
1804 3635 2157 3703 mandatas
2202 3637 2357 3701 huic
2406 3636 2719 3721 opusculo

269 3755 610 3836 subiunxi,
679 3758 898 3823 inveni
964 3757 1034 3822 in
1105 3756 1330 3824 codice
1391 3757 1519 3821 Ms.
1535 3805 1555 3833 ‚
1611 3757 1725 3841 qui
1762 3758 1837 3820 in
1880 3756 2307 3851 Bibliotheca¹
2332 3756 2722 3823 Academiae

269 3875 906 3963 Lugduno—Batavae
974 3884 1298 3957 servatur,
1377 3898 1536 3962 quas
1609 3896 1850 3961 quum,
1938 3875 2155 3960 quoad
2186 3873 2199 3907 ⁵
2220 3875 2453 3955 sciam,
2528 3898 2721 3943 nemo

328 4157 412 4228 ²²¹)
446 4161 554 4215 cic.
590 4163 731 4216 Orat.
765 4170 850 4216 36.
884 4166 911 4231 ᾗ
951 4170 1064 4216 129.

328 4241 412 4312 ²²²)
447 4249 641 4315 Pauly,
675 4251 804 4302 Real
837 4251 1045 4316 Encycl.
1083 4264 1187 4302 voc.
1225 4246 1415 4315 Ser-qia.
1451 4267 1501 4315 p.
1545 4253 1674 4301 1069
1709 4263 1784 4313 sq.

327 4330 411 4401 ²²³)
445 4336 568 4388 Asc.
603 4338 730 4389 Ped.
765 4354 815 4404 p.
847 4344 931 4389 95.
966 4338 1126 4391 Orell.

326 4414 412 4486 ²²⁴)
443 4421 695 4485 Fugiebat
727 4423 879 4487 igitur
910 4438 1164 4473 summum
1195 4423 1362 4473 virum
1373 4458 1389 4483 ,
1433 4422 1524 4488 qui
1556 4423 1680 4472 haec
1714 4420 1904 4483 scripsit
1942 4418 1997 4469 in
2030 4418 2186 4483 praef.
2220 4418 2285 4469 ad
2319 4418 2478 4469 Marc.
2514 4431 2564 4481 p.
2598 4430 2735 4467 xxx.

263 4503 374 4556 adn.
405 4520 463 4566 u,
509 4521 623 4557 eam
655 4510 933 4559 orationem
965 4510 1070 4559 iam
1111 4508 1301 4558 dudum
1335 4520 1442 4557 esse
1475 4507 1661 4557 editam
1698 4520 1731 4553 a
1764 4502 2057 4554 Constantio
2090 4502 2283 4554 Felicio
2316 4502 2603 4555 Durantino
2616 4538 2631 4561 ,
2678 4501 2735 4551 in

263 4586 386 4639 libro
417 4591 484 4640 ad
509 4590 744 4644 Leonem
777 4593 823 4640 X
855 4594 1006 4644 Pont-
1042 4593 1186 4642 Max.
1217 4592 1397 4653 misso,
1431 4592 1496 4641 de
1528 4587 1871 4641 coniuratione
1898 4584 2147 4639 Catilinae
2160 4621 2176 4650 ,
2210 4596 2364 4655 quem
2398 4586 2582 4638 librum
2616 4583 2735 4637 Cor-

265 4670 358 4723 tius
389 4674 596 4727 editioni
611 4702 614 4705 ·
630 4690 748 4729 suae
782 4677 1006 4730 Sallustii
1042 4677 1316 4728 subiunxit.

330 4752 415 4828 ²²⁵)
449 4760 514 4813 In
547 4762 785 4817 analectis
819 4776 886 4817 ex
915 4764 1055 4815 omni
1087 4762 1354 4816 meliorum
1387 4762 1665 4815 litterarum
1698 4772 1899 4829 genere·
1952 4758 2091 4824 Lips·
2126 4758 2279 4807 172⁵.
