<?xml version="1.0" encoding="UTF-8"?>
<!DOCTYPE html PUBLIC "-//W3C//DTD XHTML 1.0 Transitional//EN"
    "http://www.w3.org/TR/xhtml1/DTD/xhtml1-transitional.dtd">
<html xmlns="http://www.w3.org/1999/xhtml" xml:lang="en" lang="en">
 <head>
  <title>
</title>
<meta http-equiv="Content-Type" content="text/html;charset=utf-8" />
  <meta name='ocr-system' content='tesseract 3.04.00' />
  <meta name='ocr-capabilities' content='ocr_page ocr_carea ocr_par ocr_line ocrx_word'/>
</head>
<body>
  <div class='ocr_page' id='page_1' title='image "./disputatiodeora00cicegoog_0056.png"; bbox 0 0 3375 5500; ppageno 0'>
   <div class='ocr_carea' id='block_1_1' title="bbox 636 485 888 528">
    <p class='ocr_par' dir='ltr' id='par_1_1' title="bbox 636 485 888 528">
     <span class='ocr_line' id='line_1_1' title="bbox 636 485 888 528; baseline -0.008 -1"><span class='ocrx_word' id='word_1_1' title='bbox 636 485 888 528; x_wconf 75' lang='lat' dir='ltr'><strong>xxxvnl</strong></span> 
     </span>
    </p>
   </div>
   <div class='ocr_carea' id='block_1_2' title="bbox 643 661 3149 3984">
    <p class='ocr_par' dir='ltr' id='par_1_2' title="bbox 643 661 3098 877">
     <span class='ocr_line' id='line_1_2' title="bbox 643 661 3098 748; baseline -0.002 -12"><span class='ocrx_word' id='word_1_2' title='bbox 643 672 725 736; x_wconf 82' lang='lat' dir='ltr'><strong>ad</strong></span> <span class='ocrx_word' id='word_1_3' title='bbox 753 693 811 736; x_wconf 92' lang='lat' dir='ltr'><strong>a.</strong></span> <span class='ocrx_word' id='word_1_4' title='bbox 843 673 970 735; x_wconf 84' lang='lat'><strong>551</strong></span> <span class='ocrx_word' id='word_1_5' title='bbox 1022 695 1056 729; x_wconf 75' lang='lat' dir='ltr'><strong>a</strong></span> <span class='ocrx_word' id='word_1_6' title='bbox 1076 674 1282 732; x_wconf 69' lang='lat' dir='ltr'><strong>sextus</strong></span> <span class='ocrx_word' id='word_1_7' title='bbox 1310 668 1574 730; x_wconf 76' lang='lat' dir='ltr'><strong>decimus</strong></span> <span class='ocrx_word' id='word_1_8' title='bbox 1611 665 1666 730; x_wconf 87' lang='lat' dir='ltr'><strong>is</strong></span> <span class='ocrx_word' id='word_1_9' title='bbox 1701 685 1909 730; x_wconf 89' lang='lat' dir='ltr'><strong>annus</strong></span> <span class='ocrx_word' id='word_1_10' title='bbox 1944 661 2100 728; x_wconf 89' lang='lat' dir='ltr'><strong>belli</strong></span> <span class='ocrx_word' id='word_1_11' title='bbox 2126 661 2357 727; x_wconf 88' lang='lat' dir='ltr'><strong>Punici</strong></span> <span class='ocrx_word' id='word_1_12' title='bbox 2388 662 2568 728; x_wconf 89' lang='lat' dir='ltr'><strong>erat&#39;&#39;</strong></span> <span class='ocrx_word' id='word_1_13' title='bbox 2605 664 2727 748; x_wconf 70' lang='lat'><strong>¹²³⁴)</strong></span> <span class='ocrx_word' id='word_1_14' title='bbox 2745 711 2766 740; x_wconf 93' lang='lat'><em>,</em></span> <span class='ocrx_word' id='word_1_15' title='bbox 2796 663 2935 728; x_wconf 87' lang='lat' dir='ltr'><strong>fieri</strong></span> <span class='ocrx_word' id='word_1_16' title='bbox 2964 686 3098 730; x_wconf 90' lang='lat' dir='ltr'><strong>non</strong></span> 
     </span>
     <span class='ocr_line' id='line_1_3' title="bbox 645 782 2833 877; baseline -0.004 -20"><span class='ocrx_word' id='word_1_17' title='bbox 645 796 893 877; x_wconf 76' lang='lat' dir='ltr'><strong>potest3</strong></span> <span class='ocrx_word' id='word_1_18' title='bbox 937 795 1015 854; x_wconf 92' lang='lat' dir='ltr'><strong>ut</strong></span> <span class='ocrx_word' id='word_1_19' title='bbox 1057 811 1115 853; x_wconf 89' lang='lat' dir='ltr'><strong>a.</strong></span> <span class='ocrx_word' id='word_1_20' title='bbox 1164 789 1295 852; x_wconf 84' lang='lat'><strong>553</strong></span> <span class='ocrx_word' id='word_1_21' title='bbox 1341 785 1400 852; x_wconf 93' lang='lat' dir='ltr'><strong>ei</strong></span> <span class='ocrx_word' id='word_1_22' title='bbox 1445 784 1532 850; x_wconf 87' lang='lat' dir='ltr'><strong>sit</strong></span> <span class='ocrx_word' id='word_1_23' title='bbox 1575 785 1841 848; x_wconf 76' lang='lat' dir='ltr'><strong>decimus</strong></span> <span class='ocrx_word' id='word_1_24' title='bbox 1881 785 2169 866; x_wconf 71' lang='lat' dir='ltr'><strong>septimus</strong></span> <span class='ocrx_word' id='word_1_25' title='bbox 2208 782 2365 848; x_wconf 91' lang='lat' dir='ltr'><strong>belli</strong></span> <span class='ocrx_word' id='word_1_26' title='bbox 2408 783 2643 850; x_wconf 86' lang='lat' dir='ltr'><strong>Punici</strong></span> <span class='ocrx_word' id='word_1_27' title='bbox 2678 787 2802 870; x_wconf 64' lang='lat'><strong>¹³³⁵)</strong></span> <span class='ocrx_word' id='word_1_28' title='bbox 2819 835 2833 848; x_wconf 90' lang='lat'><strong>.</strong></span> 
     </span>
    </p>

    <p class='ocr_par' dir='ltr' id='par_1_3' title="bbox 645 902 3125 2546">
     <span class='ocr_line' id='line_1_4' title="bbox 735 902 3103 988; baseline -0.004 -11"><span class='ocrx_word' id='word_1_29' title='bbox 735 912 1102 976; x_wconf 82' lang='lat' dir='ltr'><strong>Provoeant</strong></span> <span class='ocrx_word' id='word_1_30' title='bbox 1153 906 1326 970; x_wconf 86' lang='lat' dir='ltr'><strong>Livii</strong></span> <span class='ocrx_word' id='word_1_31' title='bbox 1365 911 1911 970; x_wconf 84' lang='lat' dir='ltr'><strong>commentatores</strong></span> <span class='ocrx_word' id='word_1_32' title='bbox 1962 903 2045 968; x_wconf 90' lang='lat' dir='ltr'><strong>ad</strong></span> <span class='ocrx_word' id='word_1_33' title='bbox 2093 902 2305 968; x_wconf 90' lang='lat' dir='ltr'><strong>XXV.</strong></span> <span class='ocrx_word' id='word_1_34' title='bbox 2358 905 2462 968; x_wconf 90' lang='lat'><strong>15.</strong></span> <span class='ocrx_word' id='word_1_35' title='bbox 2513 906 2549 988; x_wconf 64' lang='grc' dir='ltr'><strong><em>ξ</em></strong></span> <span class='ocrx_word' id='word_1_36' title='bbox 2594 906 2712 969; x_wconf 80' lang='lat'><strong>19:</strong></span> <span class='ocrx_word' id='word_1_37' title='bbox 2763 932 2799 965; x_wconf 75' lang='lat' dir='ltr'><em>n</em></span> <span class='ocrx_word' id='word_1_38' title='bbox 2821 903 3103 970; x_wconf 91' lang='lat' dir='ltr'><strong>nobilem</strong></span> 
     </span>
     <span class='ocr_line' id='line_1_5' title="bbox 647 1023 3106 1110; baseline -0.002 -14"><span class='ocrx_word' id='word_1_39' title='bbox 647 1053 716 1097; x_wconf 88' lang='lat' dir='ltr'><strong>se</strong></span> <span class='ocrx_word' id='word_1_40' title='bbox 765 1029 1179 1096; x_wconf 86' lang='lat' dir='ltr'><strong>consulatum</strong></span> <span class='ocrx_word' id='word_1_41' title='bbox 1214 1032 1350 1091; x_wconf 84' lang='lat' dir='ltr'><strong>tam</strong></span> <span class='ocrx_word' id='word_1_42' title='bbox 1394 1025 1741 1110; x_wconf 85' lang='lat' dir='ltr'><strong>opulentae</strong></span> <span class='ocrx_word' id='word_1_43' title='bbox 1777 1024 1956 1089; x_wconf 89' lang='lat' dir='ltr'><strong>urbis</strong></span> <span class='ocrx_word' id='word_1_44' title='bbox 1990 1023 2239 1090; x_wconf 84' lang='lat' dir='ltr'><strong>excidio</strong></span> <span class='ocrx_word' id='word_1_45' title='bbox 2281 1023 2409 1089; x_wconf 89' lang='lat' dir='ltr'><strong>rati</strong></span> <span class='ocrx_word' id='word_1_46' title='bbox 2446 1023 2730 1090; x_wconf 86' lang='lat' dir='ltr'><strong>facturos</strong></span> <span class='ocrx_word' id='word_1_47' title='bbox 2746 1073 2766 1102; x_wconf 91' lang='lat'><em>,</em></span> <span class='ocrx_word' id='word_1_48' title='bbox 2807 1025 3004 1089; x_wconf 76' lang='lat' dir='ltr'><strong>simul</strong></span> <span class='ocrx_word' id='word_1_49' title='bbox 3044 1033 3106 1090; x_wconf 86' lang='lat' dir='ltr'><strong>et</strong></span> 
     </span>
     <span class='ocr_line' id='line_1_6' title="bbox 645 1141 3107 1234; baseline -0.002 -19"><span class='ocrx_word' id='word_1_50' title='bbox 645 1152 876 1234; x_wconf 89' lang='lat' dir='ltr'><strong>ingens</strong></span> <span class='ocrx_word' id='word_1_51' title='bbox 936 1145 1256 1232; x_wconf 83' lang='lat' dir='ltr'><strong>flagitium</strong></span> <span class='ocrx_word' id='word_1_52' title='bbox 1317 1144 1591 1228; x_wconf 85' lang='lat' dir='ltr'><strong>imperio</strong></span> <span class='ocrx_word' id='word_1_53' title='bbox 1643 1143 1973 1210; x_wconf 87' lang='lat' dir='ltr'><strong>demturos</strong></span> <span class='ocrx_word' id='word_1_54' title='bbox 1989 1190 2010 1220; x_wconf 92' lang='lat'><em>,</em></span> <span class='ocrx_word' id='word_1_55' title='bbox 2072 1141 2247 1226; x_wconf 88' lang='lat' dir='ltr'><strong>quod</strong></span> <span class='ocrx_word' id='word_1_56' title='bbox 2308 1141 2455 1208; x_wconf 82' lang='lat' dir='ltr'><strong>urbi</strong></span> <span class='ocrx_word' id='word_1_57' title='bbox 2503 1147 2639 1207; x_wconf 87' lang='lat' dir='ltr'><strong>tam</strong></span> <span class='ocrx_word' id='word_1_58' title='bbox 2709 1143 3107 1231; x_wconf 80' lang='lat' dir='ltr'>propinquae</span> 
     </span>
     <span class='ocr_line' id='line_1_7' title="bbox 648 1262 3107 1349; baseline -0.002 -14"><span class='ocrx_word' id='word_1_59' title='bbox 648 1269 918 1336; x_wconf 85' lang='lat' dir='ltr'><strong>tertium</strong></span> <span class='ocrx_word' id='word_1_60' title='bbox 962 1287 1208 1332; x_wconf 89' lang='lat' dir='ltr'><strong>annum</strong></span> <span class='ocrx_word' id='word_1_61' title='bbox 1253 1264 1576 1349; x_wconf 87' lang='lat' dir='ltr'><strong>impunita</strong></span> <span class='ocrx_word' id='word_1_62' title='bbox 1625 1263 1903 1329; x_wconf 86' lang='lat' dir='ltr'><strong>defectio</strong></span> <span class='ocrx_word' id='word_1_63' title='bbox 1946 1262 2181 1340; x_wconf 88' lang='lat' dir='ltr'><strong>esset”,</strong></span> <span class='ocrx_word' id='word_1_64' title='bbox 2226 1283 2419 1347; x_wconf 84' lang='lat' dir='ltr'><strong>quem</strong></span> <span class='ocrx_word' id='word_1_65' title='bbox 2474 1262 2691 1329; x_wconf 88' lang='lat' dir='ltr'><strong>locum</strong></span> <span class='ocrx_word' id='word_1_66' title='bbox 2736 1269 3107 1349; x_wconf 86' lang='lat' dir='ltr'><strong>corruptum</strong></span> 
     </span>
     <span class='ocr_line' id='line_1_8' title="bbox 653 1381 3106 1468; baseline -0.003 -13"><span class='ocrx_word' id='word_1_67' title='bbox 653 1409 794 1456; x_wconf 83' lang='lat' dir='ltr'><strong>esse</strong></span> <span class='ocrx_word' id='word_1_68' title='bbox 856 1407 1050 1454; x_wconf 89' lang='lat' dir='ltr'><strong>nemo</strong></span> <span class='ocrx_word' id='word_1_69' title='bbox 1095 1383 1452 1461; x_wconf 79' lang='lat' dir='ltr'><strong>dubitabit,</strong></span> <span class='ocrx_word' id='word_1_70' title='bbox 1496 1383 1608 1468; x_wconf 88' lang='lat' dir='ltr'><strong>qui</strong></span> <span class='ocrx_word' id='word_1_71' title='bbox 1654 1387 1913 1467; x_wconf 87' lang='lat' dir='ltr'><strong>reputet</strong></span> <span class='ocrx_word' id='word_1_72' title='bbox 1927 1429 1949 1459; x_wconf 92' lang='lat'><em>,</em></span> <span class='ocrx_word' id='word_1_73' title='bbox 1993 1381 2421 1447; x_wconf 83' lang='lat' dir='ltr'><strong>defectionem</strong></span> <span class='ocrx_word' id='word_1_74' title='bbox 2468 1382 2731 1466; x_wconf 81' lang='lat' dir='ltr'>Capuae</span> <span class='ocrx_word' id='word_1_75' title='bbox 2768 1383 2997 1450; x_wconf 85' lang='lat' dir='ltr'><strong>cadere</strong></span> <span class='ocrx_word' id='word_1_76' title='bbox 3040 1385 3106 1448; x_wconf 92' lang='lat' dir='ltr'><strong>in</strong></span> 
     </span>
     <span class='ocr_line' id='line_1_9' title="bbox 657 1501 3113 1589; baseline -0.002 -16"><span class='ocrx_word' id='word_1_77' title='bbox 657 1533 713 1574; x_wconf 87' lang='lat' dir='ltr'><strong>a.</strong></span> <span class='ocrx_word' id='word_1_78' title='bbox 761 1530 824 1572; x_wconf 91' lang='lat' dir='ltr'><strong>u.</strong></span> <span class='ocrx_word' id='word_1_79' title='bbox 863 1528 919 1572; x_wconf 88' lang='lat' dir='ltr'><strong>c.</strong></span> <span class='ocrx_word' id='word_1_80' title='bbox 967 1508 1100 1572; x_wconf 81' lang='lat'><strong>538</strong></span> <span class='ocrx_word' id='word_1_81' title='bbox 1143 1525 1305 1570; x_wconf 88' lang='lat' dir='ltr'><strong>coss.</strong></span> <span class='ocrx_word' id='word_1_82' title='bbox 1349 1503 1428 1567; x_wconf 89' lang='lat' dir='ltr'><strong>L.</strong></span> <span class='ocrx_word' id='word_1_83' title='bbox 1471 1502 1757 1570; x_wconf 88' lang='lat' dir='ltr'><strong>Aemilio</strong></span> <span class='ocrx_word' id='word_1_84' title='bbox 1799 1501 2072 1580; x_wconf 82' lang='lat' dir='ltr'>Paullo,</span> <span class='ocrx_word' id='word_1_85' title='bbox 2117 1503 2190 1566; x_wconf 86' lang='lat' dir='ltr'><strong>C.</strong></span> <span class='ocrx_word' id='word_1_86' title='bbox 2235 1502 2538 1570; x_wconf 79' lang='lat' dir='ltr'><strong>Terentio</strong></span> <span class='ocrx_word' id='word_1_87' title='bbox 2582 1504 2914 1581; x_wconf 82' lang='lat' dir='ltr'><strong>Varrone,</strong></span> <span class='ocrx_word' id='word_1_88' title='bbox 2971 1509 3113 1589; x_wconf 84' lang='lat' dir='ltr'><strong>post</strong></span> 
     </span>
     <span class='ocr_line' id='line_1_10' title="bbox 655 1619 3111 1713; baseline -0.002 -21"><span class='ocrx_word' id='word_1_89' title='bbox 655 1648 938 1713; x_wconf 84' lang='lat' dir='ltr'><strong>pugnam</strong></span> <span class='ocrx_word' id='word_1_90' title='bbox 987 1625 1396 1690; x_wconf 78' lang='lat' dir='ltr'><strong>Cannensem</strong></span> <span class='ocrx_word' id='word_1_91' title='bbox 1409 1669 1431 1700; x_wconf 91' lang='lat'><em>,</em></span> <span class='ocrx_word' id='word_1_92' title='bbox 1476 1622 1867 1706; x_wconf 80' lang='lat' dir='ltr'><strong>Liviumque</strong></span> <span class='ocrx_word' id='word_1_93' title='bbox 1904 1641 1981 1688; x_wconf 85' lang='lat' dir='ltr'><strong>ea</strong></span> <span class='ocrx_word' id='word_1_94' title='bbox 2018 1641 2186 1706; x_wconf 83' lang='lat' dir='ltr'><strong>quae</strong></span> <span class='ocrx_word' id='word_1_95' title='bbox 2221 1619 2481 1686; x_wconf 77' lang='lat' dir='ltr'><strong>laudavi</strong></span> <span class='ocrx_word' id='word_1_96' title='bbox 2516 1622 2793 1688; x_wconf 83' lang='lat' dir='ltr'><strong>scribere</strong></span> <span class='ocrx_word' id='word_1_97' title='bbox 2832 1623 2914 1688; x_wconf 87' lang='lat' dir='ltr'><strong>de</strong></span> <span class='ocrx_word' id='word_1_98' title='bbox 2948 1623 3111 1708; x_wconf 88' lang='lat' dir='ltr'>App.</span> 
     </span>
     <span class='ocr_line' id='line_1_11' title="bbox 656 1741 3114 1822; baseline -0.001 -10"><span class='ocrx_word' id='word_1_99' title='bbox 656 1746 936 1812; x_wconf 85' lang='lat' dir='ltr'><strong>Claudio</strong></span> <span class='ocrx_word' id='word_1_100' title='bbox 985 1743 1268 1810; x_wconf 82' lang='lat' dir='ltr'><strong>Pulchro</strong></span> <span class='ocrx_word' id='word_1_101' title='bbox 1286 1791 1309 1822; x_wconf 92' lang='lat'><em>,</em></span> <span class='ocrx_word' id='word_1_102' title='bbox 1373 1743 1458 1809; x_wconf 77' lang='lat' dir='ltr'><strong>Q.</strong></span> <span class='ocrx_word' id='word_1_103' title='bbox 1505 1741 1737 1808; x_wconf 83' lang='lat' dir='ltr'><strong>Fulvio</strong></span> <span class='ocrx_word' id='word_1_104' title='bbox 1797 1741 2029 1808; x_wconf 83' lang='lat' dir='ltr'><strong>Flacco</strong></span> <span class='ocrx_word' id='word_1_105' title='bbox 2077 1742 2196 1806; x_wconf 93' lang='lat' dir='ltr'><strong>III</strong></span> <span class='ocrx_word' id='word_1_106' title='bbox 2249 1763 2411 1808; x_wconf 86' lang='lat' dir='ltr'><strong>coss.</strong></span> <span class='ocrx_word' id='word_1_107' title='bbox 2464 1765 2522 1809; x_wconf 86' lang='lat' dir='ltr'><strong>a.</strong></span> <span class='ocrx_word' id='word_1_108' title='bbox 2550 1765 2616 1807; x_wconf 92' lang='lat' dir='ltr'><strong>u.</strong></span> <span class='ocrx_word' id='word_1_109' title='bbox 2647 1763 2703 1810; x_wconf 89' lang='lat' dir='ltr'><strong>c.</strong></span> <span class='ocrx_word' id='word_1_110' title='bbox 2749 1744 2886 1808; x_wconf 71' lang='lat'>¹542</span> <span class='ocrx_word' id='word_1_111' title='bbox 2900 1767 2923 1822; x_wconf 74' lang='lat'><em>5</em></span> <span class='ocrx_word' id='word_1_112' title='bbox 2966 1767 3114 1809; x_wconf 87' lang='lat' dir='ltr'><strong>nam</strong></span> 
     </span>
     <span class='ocr_line' id='line_1_12' title="bbox 659 1860 3116 1948; baseline -0.001 -17"><span class='ocrx_word' id='word_1_113' title='bbox 659 1869 908 1932; x_wconf 80' lang='lat' dir='ltr'><strong>tertium</strong></span> <span class='ocrx_word' id='word_1_114' title='bbox 945 1886 1192 1930; x_wconf 90' lang='lat' dir='ltr'><strong>annum</strong></span> <span class='ocrx_word' id='word_1_115' title='bbox 1228 1863 1357 1929; x_wconf 90' lang='lat' dir='ltr'><strong>dici</strong></span> <span class='ocrx_word' id='word_1_116' title='bbox 1400 1883 1592 1948; x_wconf 88' lang='lat' dir='ltr'><strong>posse</strong></span> <span class='ocrx_word' id='word_1_117' title='bbox 1634 1860 1752 1927; x_wconf 92' lang='lat' dir='ltr'><strong>ubi</strong></span> <span class='ocrx_word' id='word_1_118' title='bbox 1786 1863 2031 1945; x_wconf 78' lang='lat' dir='ltr'><strong>quintus</strong></span> <span class='ocrx_word' id='word_1_119' title='bbox 2069 1867 2235 1930; x_wconf 88' lang='lat' dir='ltr'><strong>esset</strong></span> <span class='ocrx_word' id='word_1_120' title='bbox 2274 1861 2584 1928; x_wconf 88' lang='lat' dir='ltr'><strong>dicendus</strong></span> <span class='ocrx_word' id='word_1_121' title='bbox 2602 1911 2622 1940; x_wconf 91' lang='lat'><em>,</em></span> <span class='ocrx_word' id='word_1_122' title='bbox 2665 1883 2783 1948; x_wconf 90' lang='lat' dir='ltr'><strong>pro</strong></span> <span class='ocrx_word' id='word_1_123' title='bbox 2826 1868 3116 1928; x_wconf 89' lang='lat' dir='ltr'><strong>monstro</strong></span> 
     </span>
     <span class='ocr_line' id='line_1_13' title="bbox 663 1980 3120 2069; baseline -0.001 -16"><span class='ocrx_word' id='word_1_124' title='bbox 663 1991 764 2053; x_wconf 90' lang='lat' dir='ltr'><strong>est</strong></span> <span class='ocrx_word' id='word_1_125' title='bbox 815 1987 967 2068; x_wconf 78' lang='lat'><strong>¹⁰⁶).</strong></span> <span class='ocrx_word' id='word_1_126' title='bbox 1058 1984 1289 2067; x_wconf 87' lang='lat' dir='ltr'><strong>Aeque</strong></span> <span class='ocrx_word' id='word_1_127' title='bbox 1343 1981 1696 2048; x_wconf 85' lang='lat' dir='ltr'><strong>absurdum</strong></span> <span class='ocrx_word' id='word_1_128' title='bbox 1748 1987 1847 2046; x_wconf 85' lang='lat' dir='ltr'><strong>est</strong></span> <span class='ocrx_word' id='word_1_129' title='bbox 1900 1980 2077 2065; x_wconf 90' lang='lat' dir='ltr'><strong>quod</strong></span> <span class='ocrx_word' id='word_1_130' title='bbox 2128 1989 2526 2049; x_wconf 73' lang='lat' dir='ltr'><strong>enarratores</strong></span> <span class='ocrx_word' id='word_1_131' title='bbox 2572 1982 2673 2048; x_wconf 84' lang='lat' dir='ltr'><strong>illi</strong></span> <span class='ocrx_word' id='word_1_132' title='bbox 2726 1985 2965 2068; x_wconf 84' lang='lat' dir='ltr'><strong>passim</strong></span> <span class='ocrx_word' id='word_1_133' title='bbox 3008 2006 3120 2069; x_wconf 88' lang='lat' dir='ltr'><strong>po-</strong></span> 
     </span>
     <span class='ocr_line' id='line_1_14' title="bbox 663 2099 3122 2189; baseline -0.001 -18"><span class='ocrx_word' id='word_1_134' title='bbox 663 2109 938 2172; x_wconf 85' lang='lat' dir='ltr'><strong>suerunt</strong></span> <span class='ocrx_word' id='word_1_135' title='bbox 974 2105 1097 2188; x_wconf 77' lang='lat'><strong>¹⁹⁷)</strong></span> <span class='ocrx_word' id='word_1_136' title='bbox 1122 2150 1144 2180; x_wconf 89' lang='lat'>‚</span> <span class='ocrx_word' id='word_1_137' title='bbox 1188 2101 1450 2170; x_wconf 79' lang='lat' dir='ltr'><strong>Livium</strong></span> <span class='ocrx_word' id='word_1_138' title='bbox 1493 2101 1764 2166; x_wconf 86' lang='lat' dir='ltr'><strong>solitum</strong></span> <span class='ocrx_word' id='word_1_139' title='bbox 1810 2099 2013 2166; x_wconf 80' lang='lat' dir='ltr'><strong>fuisse</strong></span> <span class='ocrx_word' id='word_1_140' title='bbox 2058 2100 2154 2165; x_wconf 87' lang='lat' dir='ltr'><strong>ita</strong></span> <span class='ocrx_word' id='word_1_141' title='bbox 2194 2121 2536 2167; x_wconf 89' lang='lat' dir='ltr'><strong>numerare</strong></span> <span class='ocrx_word' id='word_1_142' title='bbox 2576 2109 2655 2167; x_wconf 85' lang='lat' dir='ltr'><strong>ut</strong></span> <span class='ocrx_word' id='word_1_143' title='bbox 2708 2103 2919 2169; x_wconf 89' lang='lat' dir='ltr'><strong>solum</strong></span> <span class='ocrx_word' id='word_1_144' title='bbox 2937 2152 2959 2182; x_wconf 92' lang='lat'><em>,</em></span> <span class='ocrx_word' id='word_1_145' title='bbox 3014 2107 3122 2189; x_wconf 87' lang='lat' dir='ltr'><strong>qui</strong></span> 
     </span>
     <span class='ocr_line' id='line_1_15' title="bbox 659 2221 3124 2311; baseline 0 -23"><span class='ocrx_word' id='word_1_146' title='bbox 659 2223 834 2292; x_wconf 89' lang='lat' dir='ltr'><strong>inter</strong></span> <span class='ocrx_word' id='word_1_147' title='bbox 875 2229 1228 2308; x_wconf 89' lang='lat' dir='ltr'><strong>utrumque</strong></span> <span class='ocrx_word' id='word_1_148' title='bbox 1271 2221 1626 2288; x_wconf 89' lang='lat' dir='ltr'><strong>terminum</strong></span> <span class='ocrx_word' id='word_1_149' title='bbox 1663 2221 2153 2288; x_wconf 77' lang='lat' dir='ltr'><strong>continerentur</strong></span> <span class='ocrx_word' id='word_1_150' title='bbox 2188 2243 2392 2298; x_wconf 86' lang='lat' dir='ltr'><strong>annos</strong></span> <span class='ocrx_word' id='word_1_151' title='bbox 2426 2229 2697 2310; x_wconf 86' lang='lat' dir='ltr'><strong>poneret</strong></span> <span class='ocrx_word' id='word_1_152' title='bbox 2712 2272 2734 2303; x_wconf 90' lang='lat'><em>,</em></span> <span class='ocrx_word' id='word_1_153' title='bbox 2778 2243 2931 2290; x_wconf 85' lang='lat' dir='ltr'><strong>mox</strong></span> <span class='ocrx_word' id='word_1_154' title='bbox 2948 2273 2969 2303; x_wconf 91' lang='lat'><em>,</em></span> <span class='ocrx_word' id='word_1_155' title='bbox 3007 2246 3124 2311; x_wconf 90' lang='lat' dir='ltr'><strong>pro</strong></span> 
     </span>
     <span class='ocr_line' id='line_1_16' title="bbox 660 2339 3125 2426; baseline 0.001 -18"><span class='ocrx_word' id='word_1_156' title='bbox 660 2343 854 2408; x_wconf 87' lang='lat' dir='ltr'><strong>libitu</strong></span> <span class='ocrx_word' id='word_1_157' title='bbox 871 2387 894 2421; x_wconf 90' lang='lat'>‚</span> <span class='ocrx_word' id='word_1_158' title='bbox 951 2341 1485 2420; x_wconf 83' lang='lat' dir='ltr'><strong>alterumutrum,</strong></span> <span class='ocrx_word' id='word_1_159' title='bbox 1549 2361 1703 2406; x_wconf 89' lang='lat' dir='ltr'><strong>mox</strong></span> <span class='ocrx_word' id='word_1_160' title='bbox 1752 2347 2105 2426; x_wconf 87' lang='lat' dir='ltr'><strong>utrumque</strong></span> <span class='ocrx_word' id='word_1_161' title='bbox 2153 2339 2513 2408; x_wconf 74' lang='lat' dir='ltr'><strong>additurus.</strong></span> <span class='ocrx_word' id='word_1_162' title='bbox 2603 2343 2860 2410; x_wconf 80' lang='lat' dir='ltr'><strong>Quodsi</strong></span> <span class='ocrx_word' id='word_1_163' title='bbox 2902 2345 2995 2411; x_wconf 85' lang='lat' dir='ltr'><strong>sic</strong></span> <span class='ocrx_word' id='word_1_164' title='bbox 3033 2346 3125 2410; x_wconf 87' lang='lat' dir='ltr'><strong>fe-</strong></span> 
     </span>
     <span class='ocr_line' id='line_1_17' title="bbox 667 2459 2944 2546; baseline -0.001 -17"><span class='ocrx_word' id='word_1_165' title='bbox 667 2464 862 2530; x_wconf 85' lang='lat' dir='ltr'><strong>cisset</strong></span> <span class='ocrx_word' id='word_1_166' title='bbox 871 2509 893 2541; x_wconf 89' lang='lat'><strong><em>,</em></strong></span> <span class='ocrx_word' id='word_1_167' title='bbox 947 2461 1028 2527; x_wconf 91' lang='lat' dir='ltr'><strong>de</strong></span> <span class='ocrx_word' id='word_1_168' title='bbox 1075 2459 1496 2546; x_wconf 82' lang='lat' dir='ltr'><strong>chronologia</strong></span> <span class='ocrx_word' id='word_1_169' title='bbox 1543 2466 1610 2528; x_wconf 91' lang='lat' dir='ltr'><strong>et</strong></span> <span class='ocrx_word' id='word_1_170' title='bbox 1658 2459 1741 2526; x_wconf 89' lang='lat' dir='ltr'><strong>de</strong></span> <span class='ocrx_word' id='word_1_171' title='bbox 1784 2460 2057 2527; x_wconf 86' lang='lat' dir='ltr'><strong>historia</strong></span> <span class='ocrx_word' id='word_1_172' title='bbox 2100 2480 2325 2528; x_wconf 84' lang='lat' dir='ltr'><strong>vereor</strong></span> <span class='ocrx_word' id='word_1_173' title='bbox 2364 2483 2451 2528; x_wconf 91' lang='lat' dir='ltr'><strong>ne</strong></span> <span class='ocrx_word' id='word_1_174' title='bbox 2495 2467 2713 2528; x_wconf 88' lang='lat' dir='ltr'><strong>actum</strong></span> <span class='ocrx_word' id='word_1_175' title='bbox 2758 2470 2944 2530; x_wconf 83' lang='lat' dir='ltr'><strong>esset.</strong></span> 
     </span>
    </p>

    <p class='ocr_par' dir='ltr' id='par_1_4' title="bbox 669 2579 3143 3627">
     <span class='ocr_line' id='line_1_18' title="bbox 757 2579 3130 2668; baseline -0.001 -20"><span class='ocrx_word' id='word_1_176' title='bbox 757 2584 846 2648; x_wconf 92' lang='lat' dir='ltr'><strong>In</strong></span> <span class='ocrx_word' id='word_1_177' title='bbox 885 2587 1119 2668; x_wconf 83' lang='lat' dir='ltr'><strong>quarto</strong></span> <span class='ocrx_word' id='word_1_178' title='bbox 1149 2579 1297 2647; x_wconf 89' lang='lat' dir='ltr'><strong>loeo</strong></span> <span class='ocrx_word' id='word_1_179' title='bbox 1335 2603 1378 2646; x_wconf 84' lang='lat' dir='ltr'><strong>a</strong></span> <span class='ocrx_word' id='word_1_180' title='bbox 1402 2580 1741 2666; x_wconf 83' lang='lat' dir='ltr'><strong>Madvigio</strong></span> <span class='ocrx_word' id='word_1_181' title='bbox 1766 2579 2064 2658; x_wconf 88' lang='lat' dir='ltr'><strong>laudato,</strong></span> <span class='ocrx_word' id='word_1_182' title='bbox 2086 2600 2234 2666; x_wconf 79' lang='lat' dir='ltr'><strong>pro:</strong></span> <span class='ocrx_word' id='word_1_183' title='bbox 2287 2579 2655 2665; x_wconf 76' lang='lat' dir='ltr'><strong>nludosque</strong></span> <span class='ocrx_word' id='word_1_184' title='bbox 2680 2603 2987 2664; x_wconf 84' lang='lat' dir='ltr'><strong>magnos,</strong></span> <span class='ocrx_word' id='word_1_185' title='bbox 3023 2581 3130 2667; x_wconf 89' lang='lat' dir='ltr'><strong>qui</strong></span> 
     </span>
     <span class='ocr_line' id='line_1_19' title="bbox 669 2685 3131 2787; baseline -0.001 -18"><span class='ocrx_word' id='word_1_186' title='bbox 669 2723 796 2770; x_wconf 63' lang='lat' dir='ltr'><strong>ima</strong></span> <span class='ocrx_word' id='word_1_187' title='bbox 842 2703 980 2771; x_wconf 83' lang='lat' dir='ltr'><strong>voti</strong></span> <span class='ocrx_word' id='word_1_188' title='bbox 1029 2707 1245 2771; x_wconf 81' lang='lat' dir='ltr'><strong>essent</strong></span> <span class='ocrx_word' id='word_1_189' title='bbox 1297 2737 1388 2753; x_wconf 90' lang='grc'><strong>--</strong></span> <span class='ocrx_word' id='word_1_190' title='bbox 1429 2700 1805 2769; x_wconf 86' lang='lat' dir='ltr'><strong>faciendos”</strong></span> <span class='ocrx_word' id='word_1_191' title='bbox 1852 2685 2320 2768; x_wconf 67' lang='lat' dir='ltr'><strong>Drak&#39;en&#39;borch</strong></span> <span class='ocrx_word' id='word_1_192' title='bbox 2376 2698 2651 2768; x_wconf 88' lang='lat' dir='ltr'><strong>coniecit</strong></span> <span class='ocrx_word' id='word_1_193' title='bbox 2667 2748 2687 2780; x_wconf 92' lang='lat'><em>,</em></span> <span class='ocrx_word' id='word_1_194' title='bbox 2742 2701 2853 2766; x_wconf 80' lang='lat' dir='ltr'><strong>Vi⁰</strong></span> <span class='ocrx_word' id='word_1_195' title='bbox 2912 2703 3131 2787; x_wconf 86' lang='lat' dir='ltr'><strong>(quin-</strong></span> 
     </span>
     <span class='ocr_line' id='line_1_20' title="bbox 674 2818 3134 2910; baseline -0.001 -20"><span class='ocrx_word' id='word_1_196' title='bbox 674 2824 984 2910; x_wconf 87' lang='lat' dir='ltr'><strong>quennio)</strong></span> <span class='ocrx_word' id='word_1_197' title='bbox 1039 2822 1388 2909; x_wconf 79' lang='lat' dir='ltr'><strong>respiciens</strong></span> <span class='ocrx_word' id='word_1_198' title='bbox 1434 2843 1638 2889; x_wconf 90' lang='lat' dir='ltr'><strong>annos</strong></span> <span class='ocrx_word' id='word_1_199' title='bbox 1696 2824 1827 2888; x_wconf 82' lang='lat'><strong>553</strong></span> <span class='ocrx_word' id='word_1_200' title='bbox 1883 2827 1951 2888; x_wconf 87' lang='lat' dir='ltr'><strong>et</strong></span> <span class='ocrx_word' id='word_1_201' title='bbox 2006 2818 2171 2899; x_wconf 83' lang='lat'><strong>559,</strong></span> <span class='ocrx_word' id='word_1_202' title='bbox 2226 2843 2421 2905; x_wconf 89' lang='lat' dir='ltr'><strong>quam</strong></span> <span class='ocrx_word' id='word_1_203' title='bbox 2476 2820 2994 2887; x_wconf 83' lang='lat' dir='ltr'><strong>emendationem</strong></span> <span class='ocrx_word' id='word_1_204' title='bbox 3040 2822 3134 2887; x_wconf 91' lang='lat' dir='ltr'><strong>ita</strong></span> 
     </span>
     <span class='ocr_line' id='line_1_21' title="bbox 675 2940 3139 3026; baseline -0.002 -15"><span class='ocrx_word' id='word_1_205' title='bbox 675 2943 919 3011; x_wconf 81' lang='lat' dir='ltr'><strong>firmari</strong></span> <span class='ocrx_word' id='word_1_206' title='bbox 972 2942 1216 3021; x_wconf 85' lang='lat' dir='ltr'><strong>voluit,</strong></span> <span class='ocrx_word' id='word_1_207' title='bbox 1277 2947 1357 3009; x_wconf 88' lang='lat' dir='ltr'><strong>ut</strong></span> <span class='ocrx_word' id='word_1_208' title='bbox 1422 2964 1561 3009; x_wconf 90' lang='lat' dir='ltr'><strong>non</strong></span> <span class='ocrx_word' id='word_1_209' title='bbox 1615 2946 2235 3008; x_wconf 82' lang='lat' dir='ltr'><strong>connumerarentur</strong></span> <span class='ocrx_word' id='word_1_210' title='bbox 2288 2940 2445 3005; x_wconf 89' lang='lat' dir='ltr'><strong>anni</strong></span> <span class='ocrx_word' id='word_1_211' title='bbox 2497 2941 2601 3007; x_wconf 85' lang='lat' dir='ltr'><strong>vel</strong></span> <span class='ocrx_word' id='word_1_212' title='bbox 2644 2962 2773 3026; x_wconf 89' lang='lat' dir='ltr'><strong>quo</strong></span> <span class='ocrx_word' id='word_1_213' title='bbox 2821 2941 2995 3020; x_wconf 86' lang='lat' dir='ltr'><strong>voti,</strong></span> <span class='ocrx_word' id='word_1_214' title='bbox 3041 2942 3139 3007; x_wconf 88' lang='lat' dir='ltr'><strong>vel</strong></span> 
     </span>
     <span class='ocr_line' id='line_1_22' title="bbox 679 3060 3138 3147; baseline -0.001 -19"><span class='ocrx_word' id='word_1_215' title='bbox 679 3085 812 3147; x_wconf 89' lang='lat' dir='ltr'><strong>quo</strong></span> <span class='ocrx_word' id='word_1_216' title='bbox 860 3062 1017 3129; x_wconf 87' lang='lat' dir='ltr'><strong>facti</strong></span> <span class='ocrx_word' id='word_1_217' title='bbox 1051 3061 1194 3127; x_wconf 90' lang='lat' dir='ltr'><strong>ludi</strong></span> <span class='ocrx_word' id='word_1_218' title='bbox 1240 3068 1474 3128; x_wconf 82' lang='lat' dir='ltr'><strong>essent.</strong></span> <span class='ocrx_word' id='word_1_219' title='bbox 1565 3060 1786 3127; x_wconf 82' lang='lat' dir='ltr'><strong>Huius</strong></span> <span class='ocrx_word' id='word_1_220' title='bbox 1831 3067 2048 3127; x_wconf 87' lang='lat' dir='ltr'><strong>autem</strong></span> <span class='ocrx_word' id='word_1_221' title='bbox 2077 3060 2207 3126; x_wconf 89' lang='lat' dir='ltr'><strong>loci</strong></span> <span class='ocrx_word' id='word_1_222' title='bbox 2251 3080 2581 3145; x_wconf 86' lang='lat' dir='ltr'><strong>perperam</strong></span> <span class='ocrx_word' id='word_1_223' title='bbox 2617 3060 2888 3126; x_wconf 86' lang='lat' dir='ltr'><strong>correcti</strong></span> <span class='ocrx_word' id='word_1_224' title='bbox 2921 3061 2995 3125; x_wconf 89' lang='lat' dir='ltr'><strong>in</strong></span> <span class='ocrx_word' id='word_1_225' title='bbox 3022 3063 3138 3127; x_wconf 87' lang='lat' dir='ltr'><strong>hae</strong></span> 
     </span>
     <span class='ocr_line' id='line_1_23' title="bbox 677 3178 3139 3265; baseline 0 -20"><span class='ocrx_word' id='word_1_226' title='bbox 677 3200 748 3245; x_wconf 84' lang='lat' dir='ltr'><strong>re</strong></span> <span class='ocrx_word' id='word_1_227' title='bbox 810 3181 979 3245; x_wconf 89' lang='lat' dir='ltr'><strong>ratio</strong></span> <span class='ocrx_word' id='word_1_228' title='bbox 1029 3179 1252 3244; x_wconf 89' lang='lat' dir='ltr'><strong>haberi</strong></span> <span class='ocrx_word' id='word_1_229' title='bbox 1307 3202 1348 3245; x_wconf 90' lang='lat' dir='ltr'><strong>a</strong></span> <span class='ocrx_word' id='word_1_230' title='bbox 1400 3178 1589 3245; x_wconf 88' lang='lat' dir='ltr'><strong>nobis</strong></span> <span class='ocrx_word' id='word_1_231' title='bbox 1638 3203 1776 3245; x_wconf 90' lang='lat' dir='ltr'><strong>non</strong></span> <span class='ocrx_word' id='word_1_232' title='bbox 1832 3186 2050 3265; x_wconf 88' lang='lat' dir='ltr'><strong>potest</strong></span> <span class='ocrx_word' id='word_1_233' title='bbox 2065 3228 2087 3259; x_wconf 91' lang='lat'><em>,</em></span> <span class='ocrx_word' id='word_1_234' title='bbox 2146 3202 2352 3265; x_wconf 88' lang='lat' dir='ltr'><strong>aeque</strong></span> <span class='ocrx_word' id='word_1_235' title='bbox 2398 3180 2617 3246; x_wconf 89' lang='lat' dir='ltr'><strong>minus</strong></span> <span class='ocrx_word' id='word_1_236' title='bbox 2670 3180 3015 3247; x_wconf 80' lang='lat' dir='ltr'><strong>verborum</strong></span> <span class='ocrx_word' id='word_1_237' title='bbox 3066 3202 3139 3246; x_wconf 85' lang='lat' dir='ltr'><strong>ex</strong></span> 
     </span>
     <span class='ocr_line' id='line_1_24' title="bbox 679 3296 3143 3381; baseline -0.001 -16"><span class='ocrx_word' id='word_1_238' title='bbox 679 3298 855 3367; x_wconf 83' lang='lat' dir='ltr'><strong>Livii</strong></span> <span class='ocrx_word' id='word_1_239' title='bbox 901 3299 948 3363; x_wconf 95' lang='lat' dir='ltr'><strong>l.</strong></span> <span class='ocrx_word' id='word_1_240' title='bbox 993 3296 1388 3362; x_wconf 86' lang='lat' dir='ltr'><strong>XXXVIII.</strong></span> <span class='ocrx_word' id='word_1_241' title='bbox 1453 3299 1558 3361; x_wconf 82' lang='lat'><strong>52.</strong></span> <span class='ocrx_word' id='word_1_242' title='bbox 1603 3300 1640 3381; x_wconf 56' lang='grc' dir='ltr'>ᾗ</span> <span class='ocrx_word' id='word_1_243' title='bbox 1694 3300 1755 3361; x_wconf 81' lang='grc'><strong>7.</strong></span> <span class='ocrx_word' id='word_1_244' title='bbox 1816 3298 1972 3365; x_wconf 89' lang='lat' dir='ltr'><strong>licet</strong></span> <span class='ocrx_word' id='word_1_245' title='bbox 2024 3298 2118 3365; x_wconf 91' lang='lat' dir='ltr'><strong>ibi</strong></span> <span class='ocrx_word' id='word_1_246' title='bbox 2170 3304 2349 3367; x_wconf 88' lang='lat' dir='ltr'><strong>recte</strong></span> <span class='ocrx_word' id='word_1_247' title='bbox 2402 3306 2761 3367; x_wconf 82' lang='lat' dir='ltr'><strong>correctum</strong></span> <span class='ocrx_word' id='word_1_248' title='bbox 2818 3300 2942 3365; x_wconf 81' lang='lat' dir='ltr'><strong>sit:</strong></span> <span class='ocrx_word' id='word_1_249' title='bbox 3009 3326 3045 3362; x_wconf 79' lang='lat' dir='ltr'><strong>tt</strong></span> <span class='ocrx_word' id='word_1_250' title='bbox 3065 3299 3143 3365; x_wconf 88' lang='lat' dir='ltr'><strong>ad</strong></span> 
     </span>
     <span class='ocr_line' id='line_1_25' title="bbox 685 3394 3139 3507; baseline -0.002 -19"><span class='ocrx_word' id='word_1_251' title='bbox 685 3442 881 3507; x_wconf 91' lang='lat' dir='ltr'><strong>quem</strong></span> <span class='ocrx_word' id='word_1_252' title='bbox 947 3423 1100 3485; x_wconf 90' lang='lat' dir='ltr'><strong>ante</strong></span> <span class='ocrx_word' id='word_1_253' title='bbox 1148 3394 1354 3483; x_wconf 81' lang='lat' dir='ltr'><strong>annos</strong></span> <span class='ocrx_word' id='word_1_254' title='bbox 1411 3408 1938 3501; x_wconf 49' lang='lat' dir='ltr'><strong>septemdecim?</strong></span> <span class='ocrx_word' id='word_1_255' title='bbox 2034 3420 2151 3485; x_wconf 83' lang='lat' dir='ltr'><strong>Sat</strong></span> <span class='ocrx_word' id='word_1_256' title='bbox 2206 3418 2380 3485; x_wconf 90' lang='lat' dir='ltr'><strong>enim</strong></span> <span class='ocrx_word' id='word_1_257' title='bbox 2429 3420 2558 3487; x_wconf 80' lang='lat' dir='ltr'><strong>loci</strong></span> <span class='ocrx_word' id='word_1_258' title='bbox 2614 3424 2769 3485; x_wconf 87' lang='lat' dir='ltr'><strong>sunt</strong></span> <span class='ocrx_word' id='word_1_259' title='bbox 2821 3442 2958 3486; x_wconf 89' lang='lat' dir='ltr'><strong>non</strong></span> <span class='ocrx_word' id='word_1_260' title='bbox 3006 3440 3139 3485; x_wconf 87' lang='lat' dir='ltr'><strong>cor-</strong></span> 
     </span>
     <span class='ocr_line' id='line_1_26' title="bbox 683 3535 2235 3627; baseline -0.005 -20"><span class='ocrx_word' id='word_1_261' title='bbox 683 3538 862 3627; x_wconf 89' lang='lat' dir='ltr'><strong>rupti</strong></span> <span class='ocrx_word' id='word_1_262' title='bbox 884 3586 906 3617; x_wconf 91' lang='lat'><em>,</em></span> <span class='ocrx_word' id='word_1_263' title='bbox 951 3537 1184 3623; x_wconf 82' lang='lat' dir='ltr'><strong>quibus</strong></span> <span class='ocrx_word' id='word_1_264' title='bbox 1230 3557 1371 3603; x_wconf 89' lang='lat' dir='ltr'><strong>rem</strong></span> <span class='ocrx_word' id='word_1_265' title='bbox 1415 3536 1647 3603; x_wconf 87' lang='lat' dir='ltr'><strong>confici</strong></span> <span class='ocrx_word' id='word_1_266' title='bbox 1692 3557 1881 3622; x_wconf 87' lang='lat' dir='ltr'><strong>posse</strong></span> <span class='ocrx_word' id='word_1_267' title='bbox 1922 3535 2235 3602; x_wconf 79' lang='lat' dir='ltr'><strong>videatur.</strong></span> 
     </span>
    </p>

    <p class='ocr_par' dir='ltr' id='par_1_5' title="bbox 686 3654 3149 3984">
     <span class='ocr_line' id='line_1_27' title="bbox 774 3654 3144 3746; baseline -0 -21"><span class='ocrx_word' id='word_1_268' title='bbox 774 3658 972 3746; x_wconf 91' lang='lat' dir='ltr'><strong>Apud</strong></span> <span class='ocrx_word' id='word_1_269' title='bbox 1012 3657 1274 3725; x_wconf 84' lang='lat' dir='ltr'><strong>Livium</strong></span> <span class='ocrx_word' id='word_1_270' title='bbox 1319 3654 1464 3722; x_wconf 88' lang='lat' dir='ltr'><strong>XL.</strong></span> <span class='ocrx_word' id='word_1_271' title='bbox 1505 3659 1610 3722; x_wconf 80' lang='lat'><strong>52.</strong></span> <span class='ocrx_word' id='word_1_272' title='bbox 1657 3658 1694 3743; x_wconf 55' lang='grc' dir='ltr'>ᾗ</span> <span class='ocrx_word' id='word_1_273' title='bbox 1739 3658 1805 3721; x_wconf 82' lang='lat'><strong>4.</strong></span> <span class='ocrx_word' id='word_1_274' title='bbox 1854 3658 2180 3724; x_wconf 80' lang='lat' dir='ltr'><strong>nVoverat</strong></span> <span class='ocrx_word' id='word_1_275' title='bbox 2222 3678 2365 3724; x_wconf 90' lang='lat' dir='ltr'><strong>eam</strong></span> <span class='ocrx_word' id='word_1_276' title='bbox 2414 3657 2600 3723; x_wconf 77' lang='lat' dir='ltr'><strong>annis</strong></span> <span class='ocrx_word' id='word_1_277' title='bbox 2648 3656 2955 3725; x_wconf 88' lang='lat' dir='ltr'><strong>undecim</strong></span> <span class='ocrx_word' id='word_1_278' title='bbox 2996 3664 3144 3725; x_wconf 89' lang='lat' dir='ltr'><strong>ante</strong></span> 
     </span>
     <span class='ocr_line' id='line_1_28' title="bbox 686 3776 3146 3864; baseline 0.001 -23"><span class='ocrx_word' id='word_1_279' title='bbox 686 3780 766 3842; x_wconf 90' lang='lat' dir='ltr'><strong>L.</strong></span> <span class='ocrx_word' id='word_1_280' title='bbox 827 3778 1148 3845; x_wconf 90' lang='lat' dir='ltr'><strong>Aemilius</strong></span> <span class='ocrx_word' id='word_1_281' title='bbox 1201 3776 1496 3863; x_wconf 83' lang='lat' dir='ltr'><strong>Regillus</strong></span> <span class='ocrx_word' id='word_1_282' title='bbox 1515 3826 1536 3855; x_wconf 93' lang='lat'><em>,</em></span> <span class='ocrx_word' id='word_1_283' title='bbox 1603 3776 1819 3843; x_wconf 84' lang='lat' dir='ltr'><strong>navali</strong></span> <span class='ocrx_word' id='word_1_284' title='bbox 1874 3777 2121 3864; x_wconf 89' lang='lat' dir='ltr'><strong>proelio</strong></span> <span class='ocrx_word' id='word_1_285' title='bbox 2191 3776 2493 3844; x_wconf 86' lang='lat' dir='ltr'><strong>adversus</strong></span> <span class='ocrx_word' id='word_1_286' title='bbox 2555 3778 2913 3864; x_wconf 86' lang='lat' dir='ltr'><strong>praefectos</strong></span> <span class='ocrx_word' id='word_1_287' title='bbox 2981 3780 3146 3863; x_wconf 85' lang='lat' dir='ltr'><strong>regis</strong></span> 
     </span>
     <span class='ocr_line' id='line_1_29' title="bbox 694 3897 3149 3984; baseline 0.002 -23"><span class='ocrx_word' id='word_1_288' title='bbox 694 3897 1008 3963; x_wconf 88' lang='lat' dir='ltr'><strong>Antiochi</strong></span> <span class='ocrx_word' id='word_1_289' title='bbox 1021 3898 1086 3976; x_wconf 90' lang='lat'><strong>,&#39;’</strong></span> <span class='ocrx_word' id='word_1_290' title='bbox 1130 3918 1326 3984; x_wconf 90' lang='lat' dir='ltr'><strong>quem</strong></span> <span class='ocrx_word' id='word_1_291' title='bbox 1367 3919 1516 3963; x_wconf 91' lang='lat' dir='ltr'><strong>cum</strong></span> <span class='ocrx_word' id='word_1_292' title='bbox 1561 3898 1705 3964; x_wconf 88' lang='lat' dir='ltr'><strong>aliis</strong></span> <span class='ocrx_word' id='word_1_293' title='bbox 1732 3898 1891 3964; x_wconf 89' lang='lat' dir='ltr'><strong>locis</strong></span> <span class='ocrx_word' id='word_1_294' title='bbox 1931 3904 2107 3965; x_wconf 89' lang='lat' dir='ltr'><strong>reete</strong></span> <span class='ocrx_word' id='word_1_295' title='bbox 2132 3897 2497 3982; x_wconf 87' lang='lat' dir='ltr'><strong>conspirare</strong></span> <span class='ocrx_word' id='word_1_296' title='bbox 2524 3897 2888 3982; x_wconf 86' lang='lat' dir='ltr'><strong>apparebit,</strong></span> <span class='ocrx_word' id='word_1_297' title='bbox 2935 3901 2992 3965; x_wconf 83' lang='lat' dir='ltr'><strong>si</strong></span> <span class='ocrx_word' id='word_1_298' title='bbox 3033 3922 3149 3965; x_wconf 91' lang='lat' dir='ltr'><strong>nu-</strong></span> 
     </span>
    </p>
   </div>
   <div class='ocr_carea' id='block_1_3' title="bbox 713 4100 1240 4114">
    <p class='ocr_par' dir='ltr' id='par_1_6' title="bbox 713 4100 1240 4114">
     <span class='ocr_line' id='line_1_30' title="bbox 713 4100 1240 4114; baseline 0 0"><span class='ocrx_word' id='word_1_299' title='bbox 713 4100 1240 4114; x_wconf 95' lang='lat' dir='ltr'><strong> </strong></span> 
     </span>
    </p>
   </div>
   <div class='ocr_carea' id='block_1_4' title="bbox 755 4222 1396 4376">
    <p class='ocr_par' dir='ltr' id='par_1_7' title="bbox 755 4222 1396 4376">
     <span class='ocr_line' id='line_1_31' title="bbox 755 4222 1294 4293; baseline 0.004 -16"><span class='ocrx_word' id='word_1_300' title='bbox 755 4222 842 4293; x_wconf 70' lang='grc'><strong>194·)</strong></span> <span class='ocrx_word' id='word_1_301' title='bbox 875 4227 990 4277; x_wconf 81' lang='lat' dir='ltr'><strong>Liv.</strong></span> <span class='ocrx_word' id='word_1_302' title='bbox 1027 4225 1207 4277; x_wconf 86' lang='lat' dir='ltr'><strong>XXX.</strong></span> <span class='ocrx_word' id='word_1_303' title='bbox 1250 4234 1294 4279; x_wconf 91' lang='lat'><strong>1.</strong></span> 
     </span>
     <span class='ocr_line' id='line_1_32' title="bbox 759 4307 1396 4376; baseline 0.002 -13"><span class='ocrx_word' id='word_1_304' title='bbox 759 4307 845 4376; x_wconf 74' lang='lat'><strong>¹⁹⁵)</strong></span> <span class='ocrx_word' id='word_1_305' title='bbox 880 4312 996 4363; x_wconf 83' lang='lat' dir='ltr'><strong>Liv.</strong></span> <span class='ocrx_word' id='word_1_306' title='bbox 1033 4312 1184 4364; x_wconf 82' lang='lat' dir='ltr'><strong>xxx.</strong></span> <span class='ocrx_word' id='word_1_307' title='bbox 1223 4319 1307 4364; x_wconf 77' lang='lat'><strong>44.</strong></span> <span class='ocrx_word' id='word_1_308' title='bbox 1346 4320 1396 4365; x_wconf 78' lang='lat'><strong>2.</strong></span> 
     </span>
    </p>
   </div>
   <div class='ocr_carea' id='block_1_5' title="bbox 761 4392 3167 4477">
    <p class='ocr_par' dir='ltr' id='par_1_8' title="bbox 761 4392 3167 4477">
     <span class='ocr_line' id='line_1_33' title="bbox 761 4392 3167 4477; baseline 0.005 -28"><span class='ocrx_word' id='word_1_309' title='bbox 761 4392 848 4462; x_wconf 78' lang='lat'><strong>¹⁹⁵)</strong></span> <span class='ocrx_word' id='word_1_310' title='bbox 884 4397 1034 4459; x_wconf 81' lang='lat' dir='ltr'><strong>Quod</strong></span> <span class='ocrx_word' id='word_1_311' title='bbox 1077 4414 1228 4465; x_wconf 81' lang='lat' dir='ltr'><strong>supra</strong></span> <span class='ocrx_word' id='word_1_312' title='bbox 1269 4400 1372 4451; x_wconf 86' lang='lat' dir='ltr'><strong>iam</strong></span> <span class='ocrx_word' id='word_1_313' title='bbox 1417 4402 1637 4455; x_wconf 79' lang='lat' dir='ltr'><strong>diximus</strong></span> <span class='ocrx_word' id='word_1_314' title='bbox 1669 4405 1737 4455; x_wconf 82' lang='lat' dir='ltr'><strong>de</strong></span> <span class='ocrx_word' id='word_1_315' title='bbox 1768 4406 1849 4456; x_wconf 86' lang='lat' dir='ltr'><strong>die</strong></span> <span class='ocrx_word' id='word_1_316' title='bbox 1884 4404 2021 4457; x_wconf 77' lang='lat' dir='ltr'><strong>tertio</strong></span> <span class='ocrx_word' id='word_1_317' title='bbox 2053 4409 2280 4459; x_wconf 87' lang='lat' dir='ltr'><strong>firmatur</strong></span> <span class='ocrx_word' id='word_1_318' title='bbox 2314 4425 2365 4461; x_wconf 85' lang='lat' dir='ltr'><strong>v.</strong></span> <span class='ocrx_word' id='word_1_319' title='bbox 2392 4426 2437 4462; x_wconf 91' lang='lat' dir='ltr'><strong>c.</strong></span> <span class='ocrx_word' id='word_1_320' title='bbox 2470 4411 2561 4471; x_wconf 84' lang='lat' dir='ltr'><strong>iis,</strong></span> <span class='ocrx_word' id='word_1_321' title='bbox 2602 4424 2733 4477; x_wconf 88' lang='lat' dir='ltr'><strong>quae</strong></span> <span class='ocrx_word' id='word_1_322' title='bbox 2767 4411 3005 4474; x_wconf 84' lang='lat' dir='ltr'><strong>leguntur</strong></span> <span class='ocrx_word' id='word_1_323' title='bbox 3040 4412 3167 4476; x_wconf 86' lang='lat' dir='ltr'><strong>apud</strong></span> 
     </span>
    </p>
   </div>
   <div class='ocr_carea' id='block_1_6' title="bbox 694 4480 3169 4712">
    <p class='ocr_par' dir='ltr' id='par_1_9' title="bbox 694 4480 3169 4712">
     <span class='ocr_line' id='line_1_34' title="bbox 694 4480 3168 4560; baseline 0.005 -28"><span class='ocrx_word' id='word_1_324' title='bbox 694 4480 810 4532; x_wconf 85' lang='lat' dir='ltr'><strong>Liv.</strong></span> <span class='ocrx_word' id='word_1_325' title='bbox 847 4480 1034 4534; x_wconf 83' lang='lat' dir='ltr'><strong>XLIV.</strong></span> <span class='ocrx_word' id='word_1_326' title='bbox 1079 4489 1110 4533; x_wconf 85' lang='grc'><strong>3</strong></span> <span class='ocrx_word' id='word_1_327' title='bbox 1149 4485 1182 4535; x_wconf 88' lang='lat' dir='ltr'><strong>f.</strong></span> <span class='ocrx_word' id='word_1_328' title='bbox 1221 4492 1268 4536; x_wconf 85' lang='lat'><strong>4.</strong></span> <span class='ocrx_word' id='word_1_329' title='bbox 1303 4486 1331 4551; x_wconf 58' lang='grc' dir='ltr'><em>ᾗ</em></span> <span class='ocrx_word' id='word_1_330' title='bbox 1371 4489 1416 4538; x_wconf 82' lang='grc'><strong>7.</strong></span> <span class='ocrx_word' id='word_1_331' title='bbox 1449 4492 1498 4538; x_wconf 83' lang='grc'><strong>5.</strong></span> <span class='ocrx_word' id='word_1_332' title='bbox 1523 4490 1560 4554; x_wconf 78' lang='lat'><strong>.§</strong></span> <span class='ocrx_word' id='word_1_333' title='bbox 1600 4494 1689 4541; x_wconf 81' lang='lat'><strong>11:</strong></span> <span class='ocrx_word' id='word_1_334' title='bbox 1741 4492 1949 4557; x_wconf 76' lang='lat' dir='ltr'><strong>uitaque</strong></span> <span class='ocrx_word' id='word_1_335' title='bbox 1992 4508 2151 4558; x_wconf 87' lang='lat' dir='ltr'><strong>quum</strong></span> <span class='ocrx_word' id='word_1_336' title='bbox 2196 4496 2382 4547; x_wconf 76' lang='lat' dir='ltr'><strong>alacres</strong></span> <span class='ocrx_word' id='word_1_337' title='bbox 2418 4496 2645 4560; x_wconf 81' lang='lat' dir='ltr'><strong>protinus</strong></span> <span class='ocrx_word' id='word_1_338' title='bbox 2677 4496 2881 4546; x_wconf 83' lang='lat' dir='ltr'><strong>duceret</strong></span> <span class='ocrx_word' id='word_1_339' title='bbox 2913 4496 2979 4546; x_wconf 80' lang='lat' dir='ltr'><strong>ad</strong></span> <span class='ocrx_word' id='word_1_340' title='bbox 3014 4502 3168 4547; x_wconf 78' lang='lat' dir='ltr'><strong>castra</strong></span> 
     </span>
     <span class='ocr_line' id='line_1_35' title="bbox 696 4564 3169 4648; baseline 0.006 -34"><span class='ocrx_word' id='word_1_341' title='bbox 696 4564 915 4615; x_wconf 78' lang='lat' dir='ltr'><strong>hostium</strong></span> <span class='ocrx_word' id='word_1_342' title='bbox 959 4568 1218 4621; x_wconf 83' lang='lat' dir='ltr'><strong>consulem</strong></span> <span class='ocrx_word' id='word_1_343' title='bbox 1262 4570 1603 4635; x_wconf 84' lang='lat' dir='ltr'><strong>hortarentur;</strong></span> <span class='ocrx_word' id='word_1_344' title='bbox 1651 4575 1759 4625; x_wconf 84' lang='lat' dir='ltr'><strong>dies</strong></span> <span class='ocrx_word' id='word_1_345' title='bbox 1802 4591 1935 4627; x_wconf 82' lang='lat' dir='ltr'><strong>unus</strong></span> <span class='ocrx_word' id='word_1_346' title='bbox 1979 4576 2117 4629; x_wconf 84' lang='lat' dir='ltr'><strong>fessis</strong></span> <span class='ocrx_word' id='word_1_347' title='bbox 2162 4580 2333 4632; x_wconf 85' lang='lat' dir='ltr'><strong>labore</strong></span> <span class='ocrx_word' id='word_1_348' title='bbox 2378 4580 2490 4633; x_wconf 81' lang='lat' dir='ltr'><strong>viae</strong></span> <span class='ocrx_word' id='word_1_349' title='bbox 2535 4578 2599 4631; x_wconf 84' lang='lat' dir='ltr'><strong>ad</strong></span> <span class='ocrx_word' id='word_1_350' title='bbox 2634 4579 2858 4648; x_wconf 86' lang='lat' dir='ltr'><strong>quietem</strong></span> <span class='ocrx_word' id='word_1_351' title='bbox 2894 4580 3040 4632; x_wconf 81' lang='lat' dir='ltr'><strong>datus</strong></span> <span class='ocrx_word' id='word_1_352' title='bbox 3074 4586 3145 4630; x_wconf 80' lang='lat' dir='ltr'><strong>est</strong></span> <span class='ocrx_word' id='word_1_353' title='bbox 3156 4600 3169 4637; x_wconf 68' lang='grc' dir='ltr'><strong><em>ς</em></strong></span> 
     </span>
     <span class='ocr_line' id='line_1_36' title="bbox 700 4649 1819 4712; baseline 0.013 -16"><span class='ocrx_word' id='word_1_354' title='bbox 700 4649 847 4699; x_wconf 82' lang='lat' dir='ltr'><strong>tertio</strong></span> <span class='ocrx_word' id='word_1_355' title='bbox 881 4651 961 4701; x_wconf 86' lang='lat' dir='ltr'><strong>die</strong></span> <span class='ocrx_word' id='word_1_356' title='bbox 996 4679 1064 4690; x_wconf 90' lang='lat'>—</span> <span class='ocrx_word' id='word_1_357' title='bbox 1097 4656 1272 4707; x_wconf 77' lang='lat' dir='ltr'><strong>consul</strong></span> <span class='ocrx_word' id='word_1_358' title='bbox 1305 4657 1372 4706; x_wconf 87' lang='lat' dir='ltr'><strong>ad</strong></span> <span class='ocrx_word' id='word_1_359' title='bbox 1405 4658 1598 4709; x_wconf 84' lang='lat' dir='ltr'><strong>hostem</strong></span> <span class='ocrx_word' id='word_1_360' title='bbox 1629 4660 1819 4712; x_wconf 84' lang='lat' dir='ltr'><strong>ducit.”</strong></span> 
     </span>
    </p>
   </div>
   <div class='ocr_carea' id='block_1_7' title="bbox 770 4729 1885 4809">
    <p class='ocr_par' dir='ltr' id='par_1_10' title="bbox 770 4729 1885 4809">
     <span class='ocr_line' id='line_1_37' title="bbox 770 4729 1885 4809; baseline 0.009 -24"><span class='ocrx_word' id='word_1_361' title='bbox 770 4729 853 4797; x_wconf 74' lang='lat'><strong>¹⁹⁷)</strong></span> <span class='ocrx_word' id='word_1_362' title='bbox 891 4736 1023 4787; x_wconf 84' lang='lat' dir='ltr'><strong>Vide</strong></span> <span class='ocrx_word' id='word_1_363' title='bbox 1057 4752 1169 4791; x_wconf 58' lang='lat' dir='ltr'><strong>wc.</strong></span> <span class='ocrx_word' id='word_1_364' title='bbox 1205 4741 1271 4793; x_wconf 81' lang='lat' dir='ltr'><strong>ad</strong></span> <span class='ocrx_word' id='word_1_365' title='bbox 1303 4742 1418 4795; x_wconf 85' lang='lat' dir='ltr'><strong>Liv.</strong></span> <span class='ocrx_word' id='word_1_366' title='bbox 1455 4743 1619 4797; x_wconf 82' lang='lat' dir='ltr'><strong>XLII.</strong></span> <span class='ocrx_word' id='word_1_367' title='bbox 1663 4750 1741 4797; x_wconf 90' lang='grc'><strong>10.</strong></span> <span class='ocrx_word' id='word_1_368' title='bbox 1779 4744 1805 4809; x_wconf 56' lang='grc'>9</span> <span class='ocrx_word' id='word_1_369' title='bbox 1835 4749 1885 4795; x_wconf 88' lang='grc'><strong>5.</strong></span> 
     </span>
    </p>
   </div>
   <div class='ocr_carea' id='block_1_8' title="bbox 3337 1780 3353 2528">
    <p class='ocr_par' dir='ltr' id='par_1_11' title="bbox 3337 1780 3353 2528">
     <span class='ocr_line' id='line_1_38' title="bbox 3337 1780 3353 2528; baseline 0 0"><span class='ocrx_word' id='word_1_370' title='bbox 3337 1780 3353 2528; x_wconf 95' lang='lat' dir='ltr'><strong> </strong></span> 
     </span>
    </p>
   </div>
   <div class='ocr_carea' id='block_1_9' title="bbox 3334 3072 3352 3909">
    <p class='ocr_par' dir='ltr' id='par_1_12' title="bbox 3334 3072 3352 3909">
     <span class='ocr_line' id='line_1_39' title="bbox 3334 3072 3352 3909; baseline 0 0"><span class='ocrx_word' id='word_1_371' title='bbox 3334 3072 3352 3909; x_wconf 95' lang='lat' dir='ltr'><strong> </strong></span> 
     </span>
    </p>
   </div>
   <div class='ocr_carea' id='block_1_10' title="bbox 3334 4359 3348 4967">
    <p class='ocr_par' dir='ltr' id='par_1_13' title="bbox 3334 4359 3348 4967">
     <span class='ocr_line' id='line_1_40' title="bbox 3334 4359 3348 4967; baseline 0 0"><span class='ocrx_word' id='word_1_372' title='bbox 3334 4359 3348 4967; x_wconf 95' lang='lat' dir='ltr'><strong> </strong></span> 
     </span>
    </p>
   </div>
  </div>
 </body>
</html>
