3375 5500
631 405 802 452 nvn}

636 595 887 667 suerat,
932 591 998 654 et
1039 587 1110 652 in
1155 586 1356 654 libros
1413 585 1647 671 digesti
1700 588 1833 671 9ῑ’);
1897 591 1975 652 ut
2023 605 2365 652 causarum
2412 606 2579 671 quae
2630 593 2787 654 sunt
2840 594 3024 656 actae
3074 613 3113 655 a

639 714 778 776 Ser.
856 706 1146 794 Sulpicio
1165 755 1188 786 ,
1261 707 1446 774 cuius
1507 713 1642 774 tres
1712 706 2039 773 orationes
2116 711 2407 772 exstant:
2484 707 2601 773 sed
2655 707 2704 771 ii
2746 706 2827 775 de
2878 708 3115 792 quibus

636 830 872 915 loquor
903 826 1357 895 commentarii
1401 827 1498 893 ita
1532 833 1690 892 sunt
1728 827 1975 904 exacti,
2005 831 2083 891 ut
2114 825 2200 892 ab
2236 825 2379 910 ipso
2425 823 2589 890 mibi
2634 826 2705 890 in
2733 828 3114 894 memoriam

637 947 1038 1034 posteritatis
1079 946 1423 1013 videantur
1471 967 1612 1013 esse
1657 945 2023 1032 compositi.
2098 946 2276 1009 Nam
2312 945 2647 1012 Ciceronis
2688 946 2772 1012 ad
2814 967 3119 1032 praesens

638 1067 838 1134 modo
886 1071 1143 1152 tempus
1191 1071 1446 1152 aptatos
1490 1065 1763 1132 libertus
1808 1065 1965 1131 Tiro
2006 1064 2373 1130 cona-axi&
2415 1068 2537 1150 ³⁹).

687 1187 796 1252 Ab
856 1187 982 1252 hoc
1041 1205 1226 1252 more
1269 1191 1562 1252 veterum
1609 1191 1942 1252 oratorum
1990 1183 2123 1248 iam
2166 1184 2435 1250 recessit
2478 1183 2778 1251 Severius
2820 1185 3085 1252 Cassius
3098 1233 3122 1263 ,

644 1305 757 1389 qui
822 1310 1090 1372 auctore
1157 1305 1256 1371 M.
1310 1305 1560 1372 Seneca
1605 1307 1731 1389 ¹9⁰)
1792 1323 2153 1386 numquam
2202 1301 2368 1367 dixit
2416 1302 2560 1369 sine
2612 1303 3082 1370 commentario
3101 1351 3123 1381 ,

640 1445 856 1509 neque
905 1424 1026 1489 illo
1077 1421 1548 1491 commentario
1602 1426 1955 1489 contentus
2012 1427 2153 1488 erat
2197 1421 2269 1486 in
2318 1443 2449 1507 quo
2505 1422 2721 1490 nudae
2764 1443 2871 1489 res
2922 1443 3123 1510 pone-

641 1543 898 1609 bantur.
989 1541 1282 1608 Maxima
1329 1548 1518 1629 parte
1565 1541 2083 1628 perscribebatur
2138 1543 2199 1609 ei
2247 1542 2453 1609 actio:
2504 1545 2664 1628 quin
2722 1544 2921 1610 etiam
2968 1544 3087 1608 illa
3103 1593 3123 1621 ,

645 1683 814 1746 quae
855 1663 1030 1729 salse
1069 1663 1197 1728 dici
1239 1668 1576 1749 poterant,
1619 1661 2125 1728 annotabantur.

731 1783 963 1849 Cicero
1027 1783 1228 1866 igitur
1293 1783 1656 1848 orationem
1728 1777 2021 1848 editurus
2041 1829 2062 1860 ,
2128 1779 2185 1845 si
2236 1781 2499 1865 quando
2554 1782 2772 1868 lapsus
2828 1788 3002 1850 esset
3056 1784 3129 1846 in

647 1900 923 1965 dicendo
941 1948 961 1979 ,
1007 1899 1306 1964 mutandi
1331 1900 1584 1983 copiam
1624 1899 1937 1977 habebat,
1976 1900 2156 1967 unde
2190 1895 2435 1966 factum
2478 1907 2578 1966 est
2602 1907 2681 1968 ut
2698 1918 2891 1986 saepe
2912 1901 3127 1982 multo

647 2017 936 2084 limatius
985 2017 1320 2103 prodirent
1369 2037 1486 2083 eae
1527 2018 1857 2084 orationes
1900 2017 1973 2080 in
2016 2017 2383 2103 publicum,
2428 2041 2623 2102 quam
2666 2021 2753 2086 ab
2792 2043 2872 2087 eo
2916 2021 3143 2090 dictae.

647 2141 882 2204 essent.
939 2133 1342 2211 Accedebat,
1381 2135 1560 2219 quod
1607 2157 1745 2200 non
1780 2155 1931 2202 raro
1966 2136 2026 2202 ei
2076 2137 2425 2202 dicendum
2462 2145 2633 2206 esset
2667 2159 2789 2204 nee
2826 2140 3123 2226 opinate,

647 2277 850 2342 quum
903 2257 1111 2322 otium
1157 2256 1218 2321 ei
1264 2254 1490 2322 datum
1537 2275 1677 2320 non
1724 2263 1895 2322 esset
1930 2261 2007 2322 ut
2049 2279 2313 2324 eausam
2358 2257 2461 2323 vel
2506 2259 2954 2342 quaestionem
2989 2279 3125 2324 me-

646 2376 964 2442 ditaretur
1023 2374 1126 2440 vel
1179 2375 1394 2458 capita
1441 2395 1699 2442 summa
1745 2376 2169 2460 perscriberet
2184 2425 2206 2455 ‚
2262 2382 2339 2442 ut
2390 2398 2445 2442 v.
2498 2399 2554 2442 c.
2604 2377 2852 2442 factum
2906 2385 3006 2444 est
3052 2377 3123 2441 in

644 2495 788 2580 ipsa
847 2495 1148 2561 oratione
1197 2495 1269 2558 in
1318 2495 1672 2562 Catilinam
1720 2496 1961 2582 prima,
2010 2503 2077 2563 et
2124 2517 2275 2562 cum
2327 2517 2447 2582 pro
2497 2495 2720 2564 Roscii
2758 2497 2903 2582 lege
2943 2497 3126 2562 thea-

652 2617 805 2681 trali
859 2615 944 2681 ad
987 2615 1302 2701 populum
1343 2615 1540 2682 verba
1581 2617 1827 2683 faceret
1857 2620 2007 2703 ¹⁰¹).
2081 2617 2309 2682 Quum
2346 2616 2549 2700 igitur
2587 2616 2875 2682 Quintus
2924 2617 3127 2680 frater

651 2735 1007 2820 rogavisset
1055 2736 1358 2802 Marcum
1415 2743 1493 2804 ut
1538 2737 1663 2804 sibi
1718 2737 1917 2803 libros
1966 2740 2032 2803 et
2084 2736 2409 2803 orationes
2452 2736 2743 2803 mitteret
2756 2782 2778 2813 ,
2826 2731 2941 2799 ille
2988 2754 3126 2800 res-

653 2854 886 2941 pendit
936 2858 1098 2941 ¹⁰2):
1172 2882 1207 2917 n
1228 2856 1464 2925 Libros
1524 2878 1709 2925 meos
1754 2878 1981 2924 omnes
2032 2876 2193 2942 quos
2244 2862 2572 2942 exspectas
2621 2854 2921 2920 inchoavi
2935 2878 2955 2932 ς
3012 2853 3126 2920 sed

654 2975 972 3041 conficere
1047 2996 1184 3039 non
1254 2998 1520 3061 possum
1601 2978 1707 3042 his
1774 2976 2029 3043 diebus.
2141 2977 2486 3042 Orationes
2564 2974 2943 3058 efflagitatas
3009 2994 3129 3058 pro

659 3097 904 3161 Scauro
973 3102 1040 3161 et
1085 3116 1202 3180 pro
1240 3095 1512 3164 Plancio
1565 3096 1857 3164 absolvi”
1905 3098 2054 3181 ¹⁰³).
2146 3096 2345 3163 Quod
2390 3115 2583 3181 supra
2632 3092 2911 3157 diximus
2960 3092 3127 3157 mul-

656 3219 802 3280 tum
877 3212 1266 3279 discriminis
1319 3215 1719 3283 intercedere
1773 3218 1945 3281 inter
1992 3215 2355 3281 orationem
2404 3237 2521 3299 pro
2567 3212 2883 3289 Deiotaro
2932 3234 3123 3296 quam

655 3333 886 3400 Cicero
933 3332 1139 3400 edidit
1188 3340 1255 3401 et
1296 3357 1372 3401 ea
1389 3384 1410 3415 ,
1461 3358 1628 3421 quae
1673 3334 1845 3421 apud
1874 3336 2218 3401 Caesarem
2245 3336 2557 3419 loquutus
2592 3340 2691 3399 est
2704 3380 2726 3411 ,
2776 3354 2899 3398 nec
2927 3332 3125 3396 ullam

651 3452 787 3518 fere
853 3452 1350 3520 similitudinem
1418 3456 1620 3521 fuisse
1671 3454 1847 3520 inter
1892 3453 2257 3519 orationem
2299 3474 2415 3538 pro
2466 3452 2723 3519 Milone
2772 3452 3014 3518 dictam
3064 3456 3128 3517 et

717 3747 780 3815 9⁸)
815 3750 902 3802 Sic
934 3751 1204 3804 Diomedes
1237 3751 1492 3803 Ciceronis
1525 3764 1791 3802 causarum
1822 3750 1861 3800 1.
1897 3748 2053 3801 XIII.
2088 3748 2261 3801 laudat
2294 3766 2343 3815 p.
2380 3754 2500 3801 36⁵.
2537 3764 2616 3815 ap.
2652 3750 2860 3801 Putsch.

717 3831 784 3901 ⁹⁹)
816 3834 896 3885 Cf.
933 3837 1124 3887 Ascon.
1161 3852 1210 3901 p.
1250 3841 1333 3887 87.
1371 3835 1560 3887 Orelli.
1619 3839 1706 3889 Ex
1737 3850 1841 3903 quo
1873 3838 1985 3887 loco
2020 3834 2253 3900 quamvis
2284 3834 2466 3885 mutilo
2492 3834 2700 3885 conficio
2730 3834 3015 3885 Asconium
3040 3847 3137 3884 cre-

651 3918 836 3969 didisse
869 3933 1046 3971 omnes
1079 3923 1330 3971 orationes
1364 3937 1397 3970 a
1429 3921 1674 3973 Cicerone
1707 3921 1905 3972 habitas
1937 3922 1991 3969 in
2020 3918 2392 3969 commentariis
2426 3918 2604 3977 fuisse3
2650 3932 2771 3967 nam
2804 3920 2942 3983 quod
2974 3916 3140 3969 Catili·

647 4016 748 4054 nae
781 4002 1006 4053 defensio
1052 4004 1106 4054 in
1151 4002 1524 4055 commentariis
1566 4020 1670 4057 non
1718 4012 1879 4065 esset,
1922 4008 2219 4067 argumento
2255 4008 2331 4053 est
2366 4001 2591 4052 Asconio
2625 4001 2923 4054 Ciceronem
2956 4016 3049 4067 pro
3083 4015 3145 4053 eo

651 4100 756 4137 non
790 4085 995 4137 dixisse.

718 4166 808 4235 ¹⁰⁰)
841 4168 920 4219 M.
954 4168 1206 4220 Annaeus
1235 4170 1432 4222 Seneca
1456 4170 1624 4223 Praef-
1659 4173 1792 4225 Exc.
1826 4170 2064 4224 Controv.
2101 4170 2138 4221 l.
2175 4170 2277 4221 111.
2313 4184 2365 4236 p.
2402 4174 2522 4221 424.
2560 4172 2640 4225 ed.
2675 4168 2899 4221 Gronov.

723 4252 810 4320 ¹⁰¹)
845 4254 982 4303 Plut.
1019 4252 1124 4305 Cic.
1167 4258 1246 4305 13.
1284 4255 1423 4306 Plin.
1459 4258 1531 4307 H.
1565 4256 1633 4309 N.
1669 4259 1798 4310 VII.
1836 4262 1923 4307 30.

721 4333 807 4402 ¹⁰²)
842 4334 948 4388 Cic.
985 4337 1051 4387 ad
1085 4336 1149 4400 Q.
1185 4337 1248 4388 fr.
1284 4338 1389 4389 ΙΙΙ.
1432 4345 1476 4391 1.
1512 4356 1556 4392 e.
1595 4346 1643 4392 4.
1679 4339 1706 4407 ς
1746 4342 1825 4391 11.

721 4415 808 4485 ¹⁰³)
844 4419 984 4481 Quid
1006 4420 1186 4475 Cicero
1219 4424 1460 4477 iudicaret
1485 4427 1549 4477 de
1575 4428 1678 4478 suis
1704 4426 2013 4478 orationibus
2026 4463 2041 4487 ,
2070 4432 2277 4491 apparet
2286 4439 2363 4477 -ex
2378 4426 2459 4477 his
2472 4424 2637 4478 verbis
2654 4438 2725 4475 ex
2740 4438 2819 4488 ep.
2838 4420 2919 4471 ad.
2940 4419 3007 4481 Q.
3022 4419 3087 4469 fr.
3106 4418 3140 4467 1.

653 4526 682 4549 a
703 4502 922 4555 alterum
955 4510 1030 4555 est
1062 4507 1128 4557 de
1161 4506 1414 4561 Calventii
1440 4511 1597 4563 Marii
1627 4512 1841 4577 (indicat
1862 4512 1926 4562 L.
1956 4509 2216 4577 Pisonem)
2250 4510 2495 4562 oratione.
2546 4508 2699 4573 Quod
2726 4508 2925 4567 scribis,
2961 4506 3115 4557 miror
3128 4540 3142 4562 ‚

652 4588 747 4639 tibi
779 4588 978 4654 placere
1007 4604 1092 4641 me
1125 4592 1191 4641 ad
1236 4606 1349 4643 eam
1395 4595 1664 4647 rescribere
1677 4634 1693 4657 ‚
1737 4598 2031 4661 praesertim
2076 4613 2193 4649 cum
2228 4598 2372 4648 illam
2407 4606 2561 4649 nemo
2592 4596 2657 4645 sit
2692 4592 2937 4653 lecturus,
2972 4591 3016 4642 si
3050 4602 3143 4652 ego

657 4674 788 4725 nihil
821 4675 1118 4741 rescripsero
1129 4697 1144 4737 3
1181 4690 1350 4730 meam
1383 4679 1438 4732 in
1471 4679 1619 4731 illum
1647 4682 1792 4747 pueri
1824 4696 2000 4734 omnes
2034 4688 2291 4748 tamquam
2318 4682 2503 4734 dietata
2524 4680 2869 4753 ,Ρθΐᾶὶεοαηῐζῖ
