3375 5500
2554 470 2725 515 XXXV

259 639 420 725 quid
467 639 840 708 detrimenti
885 640 1245 725 respublica
1289 647 1576 726 caperet,
1622 640 1788 708 dixit
1830 645 2205 716 vicesimum
2256 649 2427 719 diem
2487 654 2721 722 habere

259 761 914 828 Senatusconsultum
955 767 1268 846 tanquam
1289 807 1308 824 .
1333 811 1347 824 .
1373 810 1385 823 .
1410 811 1421 825 .
1451 761 1512 823 .’'
1545 766 1693 848 ¹⁷8).

344 880 704 948 Asconium
751 880 818 944 h.
847 879 893 944 1.
943 879 1308 946 mutatione
1352 880 1631 964 quadam
1651 930 1672 959 ,
1700 886 2075 954 memoriter
2114 889 2353 974 scripto
2380 894 2721 964 mandasse

257 1000 667 1068 notissimam
715 999 1053 1087 periodum
1099 999 1410 1064 orationis
1443 1007 1706 1068 nostrae
1722 1051 1743 1080 ,
1792 1005 2209 1072 manifestum
2260 1015 2381 1075 est.
2445 1012 2575 1079 Sed
2621 1016 2717 1083 vi-

251 1120 556 1199 deamus,
601 1119 834 1204 ecquid
883 1119 1094 1186 facere
1129 1117 1362 1184 debeat
1401 1119 1487 1184 ad
1521 1122 1912 1190 sententiam
1953 1131 2243 1195 nostram
2286 1133 2715 1202 evertendam.

253 1243 342 1306 In
389 1264 520 1327 quo
576 1239 992 1310 diiudicando
1039 1239 1164 1306 hoc
1201 1239 1484 1325 primum
1527 1243 1751 1325 quaeri
1796 1243 2019 1323 debet,
2074 1249 2442 1332 potueritne
2497 1253 2717 1322 Cicero

245 1362 568 1438 scribere,
620 1383 697 1430 ,se
759 1359 1130 1428 vicesimum
1184 1359 1316 1424 iam
1368 1359 1540 1426 diem
1587 1362 1727 1446 pati
1780 1363 2121 1434 hebescere
2172 1368 2379 1436 aciem
2438 1373 2715 1438 Senatus

250 1480 683 1548 auctoritatis.
777 1482 1052 1546 Senatus
1091 1479 1266 1546 enim
1307 1479 1568 1548 habitus
1614 1487 1713 1548 est
1752 1505 1811 1548 a.
1848 1484 1913 1548 d.
1949 1486 2093 1550 VII
2136 1487 2239 1552 Id.
2282 1489 2495 1569 Nov.;
2540 1493 2716 1576 quod

249 1625 460 1685 quum
507 1603 847 1685 personato
897 1598 1197 1668 Ciceroni
1243 1605 1540 1667 constare
1581 1621 1719 1666 non
1766 1601 2061 1671 videatur
2107 1608 2231 1691 ¹⁷⁹)
2250 1654 2271 1683 ,
2328 1617 2591 1692 apparet
2637 1633 2716 1677 ex

249 1719 630 1786 testimonio
665 1718 936 1784 Asconii
977 1717 1021 1782 l.
1051 1718 1096 1782 1.
1146 1740 1390 1802 nquum
1435 1718 1571 1786 dies
1611 1718 1897 1788 decimus
1944 1729 2204 1790 octavus
2248 1726 2480 1796 esset”.
2554 1729 2714 1794 Fac-

251 1845 525 1906 tumest
551 1837 751 1922 igitur
787 1860 846 1904 a.
887 1835 950 1902 d.
983 1837 1086 1900 XI
1116 1837 1266 1902 Kal.
1299 1838 1471 1904 NoV.
1514 1838 1584 1922 (i.
1615 1859 1670 1906 e.
1708 1837 1769 1903 d.
1800 1837 1885 1904 21
1926 1841 2123 1926 Oct).
2217 1843 2499 1911 Romani
2536 1848 2712 1915 enim

251 1959 322 2023 in
350 1957 793 2026 numeralibus
830 1957 1228 2026 ordinalibus
1268 1958 1436 2024 hanc
1468 1958 1789 2026 rationem
1822 1948 2183 2045 sequuntur
2196 2011 2218 2041 ‚
2251 1971 2327 2030 ut
2358 1966 2712 2034 terminum

253 2101 332 2144 ex
371 2100 502 2162 quo
549 2083 616 2146 et
661 2077 1012 2145 terminum
1057 2076 1142 2144 ad
1182 2099 1406 2162 quem,
1451 2099 1723 2148 numero
1768 2079 2191 2164 significando
2248 2081 2677 2154 adnumerent
2691 2135 2713 2166 ‚

255 2203 329 2264 ut
389 2197 622 2268 tertius
669 2197 806 2264 dies
862 2197 944 2264 iis
999 2198 1086 2264 sit
1133 2204 1285 2265 ante
1334 2220 1528 2284 quem
1583 2223 1755 2266 unus
1808 2200 2237 2269 interficiatur
2286 2203 2407 2292 ¹8⁰)
2420 2255 2434 2268 .
2528 2208 2717 2273 Quae

253 2341 462 2404 quum
498 2320 594 2384 ita
638 2318 772 2386 sint
787 2366 807 2395 ,
851 2318 994 2386 iure
1021 2319 1354 2403 quaeritur
1367 2367 1389 2397 ,
1433 2319 1548 2404 qui
1585 2319 1816 2386 Cicero
1844 2320 2121 2389 scribere
2150 2325 2466 2406 potuerit,
2511 2348 2715 2410 quum

255 2439 394 2506 dies
441 2445 612 2508 esset
665 2438 951 2507 decimus
981 2443 1246 2506 octavus
1259 2487 1281 2518 ,
1325 2461 1396 2504 se
1431 2439 1808 2506 vicesimum
1862 2442 1990 2508 iam
2038 2440 2212 2508 diem
2258 2441 2495 2509 habere
2549 2445 2715 2512 illud

259 2561 510 2626 Setum.
598 2558 774 2626 Nam
809 2557 964 2626 licet
1005 2559 1078 2626 in
1119 2558 1552 2626 cardinalibus
1598 2559 2037 2627 inconstantia
2072 2558 2391 2644 quaedam
2439 2583 2578 2632 esse
2620 2566 2716 2631 vi-

261 2679 528 2757 deatur,
559 2678 617 2744 si
651 2699 996 2746 numerum
1029 2678 1316 2746 indicare
1349 2679 1508 2746 velis
1524 2726 1546 2758 ,
1573 2679 1699 2745 hoc
1734 2677 1815 2744 de
1842 2679 2241 2747 ordinalibus
2275 2683 2713 2751 numeralibus

259 2799 528 2867 concedi
581 2822 719 2867 non
761 2805 1008 2885 potest,
1051 2800 1123 2865 in
1167 2820 1444 2884 quorum
1487 2822 1612 2865 usu
1666 2800 1947 2867 eundem
1992 2822 2241 2867 morem
2288 2804 2571 2872 Romani
2614 2828 2715 2873 se-

253 2926 574 3005 quuntur,
605 2941 800 3005 quem
837 2923 1158 2985 nostrates
1183 2941 1242 2984 v.
1271 2940 1329 2985 c.
1357 2918 1428 2983 in
1454 2919 1781 3004 puerperis
1809 2918 2170 2988 observant.
2246 2922 2467 2988 Multo
2493 2925 2711 2991 minus

253 3040 337 3107 ab
392 3062 469 3109 eo
517 3060 698 3105 more
743 3037 958 3107 recedi
1010 3044 1260 3124 potest,
1313 3038 1370 3103 si
1418 3038 1735 3123 particula
1784 3039 1913 3104 iam
1958 3035 2218 3106 additur
2228 3062 2249 3117 ;
2304 3060 2458 3106 nam
2473 3090 2494 3119 ,
2540 3043 2715 3127 quod

257 3159 338 3226 de
385 3159 602 3224 abhinc
637 3160 711 3223 in
743 3158 1173 3225 cardinalium
1218 3180 1345 3224 usu
1403 3158 1656 3225 notavit
1698 3156 1968 3241 Madvig
1997 3157 2043 3224 l.
2071 3158 2115 3222 1.
2133 3206 2155 3236 ,
2196 3158 2269 3223 in
2314 3151 2711 3229 ordinalib'us

259 3300 538 3364 quoque.
573 3278 856 3355 obtinet,
894 3277 1118 3343 addito
1157 3280 1314 3356 iam,
1351 3299 1585 3364 nempe
1632 3282 1711 3343 ut
1750 3277 1845 3345 ita
1886 3277 2077 3364 plane
2131 3284 2385 3364 tempus
2415 3289 2713 3351 exactum

254 3399 608 3485 significet,
654 3404 730 3465 ut
770 3419 1131 3483 numquam
1166 3397 1236 3462 id
1283 3397 1565 3463 Romani
1579 3446 1601 3476 ‚
1647 3396 1777 3465 nisi
1823 3398 1995 3465 forte
2045 3416 2259 3469 errore
2297 3401 2714 3481 numerandi,

257 3520 446 3589 aliter
485 3517 783 3605 posuisse
817 3517 1189 3585 videantur:
1237 3523 1304 3583 et
1349 3516 1420 3582 in
1455 3523 1680 3585 nostro
1719 3518 1866 3585 loco
1909 3516 1990 3585 de
2027 3518 2227 3586 Tullii
2262 3540 2479 3590 errore
2522 3543 2715 3589 nemo

261 3638 586 3724 cogitabit.
655 3638 764 3703 Sic
801 3638 1028 3705 Cicero
1060 3636 1286 3703 scribit
1327 3648 1346 3686 ¹
1359 3636 1450 3725 8¹)
1479 3661 1494 3703 :
1545 3664 1581 3699 lt
1595 3660 1737 3703 non
1776 3636 1972 3703 modo
2010 3636 2221 3703 adhuc
2246 3660 2525 3725 poenam
2566 3640 2715 3705 nul-

258 3761 388 3827 lam
433 3782 554 3825 suo
605 3758 867 3845 dignam
907 3759 1146 3825 scelere
1186 3756 1500 3842 suscepit,
1544 3756 1660 3823 sed
1705 3755 1787 3821 ab
1820 3755 1937 3820 illo
1972 3760 2263 3839 tempore
2303 3778 2550 3823 annum
2582 3758 2736 3829 iam.

258 3881 524 3947 tertium
570 3902 646 3946 ac
687 3879 1064 3945 vicesimum
1108 3877 1379 3963 regnat'’
1428 3874 1578 3965 1⁸²).
1668 3874 1931 3943 Bellum
1976 3872 2151 3940 enim
2198 3875 2720 3950 Mithridaticum

317 4063 402 4133 17⁸)
437 4065 568 4117 Leni
601 4064 852 4115 medicina
894 4063 980 4113 hic
1011 4062 1149 4113 locus
1175 4060 1498 4125 corrigendus
1529 4059 1753 4119 videtur,
1787 4058 1860 4108 ita
1891 4062 1949 4108 ut
1980 4056 2203 4121 legatur:
2242 4078 2267 4102 n
2282 4057 2411 4108 dixit
2440 4030 2737 4110 vicesimum-

253 4150 386 4201 diem
417 4151 604 4202 habere
637 4165 688 4198 se
720 4148 1218 4200 senatusconsultum
1251 4156 1493 4213 tanquam
1512 4180 1551 4195 ..
1565 4180 1580 4195 .
1593 4147 1642 4196 .''

317 4232 401 4303 1⁷9)
432 4235 712 4287 Distu-imon
757 4235 895 4286 enim
939 4240 1014 4285 est
1057 4235 1189 4285 inter
1231 4234 1295 4298 ξς
1331 4238 1365 4283 8
1400 4238 1450 4283 et
1485 4236 1516 4281 9
1551 4230 1794 4283 orationis
1826 4228 2019 4293 primae
2053 4232 2106 4281 et
2140 4228 2204 4291 ξς
2240 4230 2270 4275 6
2308 4234 2359 4278 et
2398 4229 2457 4277 13
2492 4226 2730 4275 orationis

249 4323 662 4473 secggdgdadvig.
695 4405 852 4471 praef.
879 4403 1040 4458 Oratt.
1066 4402 1196 4455 XII.
1223 4402 1410 4455 selectt.
1439 4416 1488 4468 p.
1505 4396 1800 4451 XXXVII.
1830 4395 2106 4450 Notissima
2138 4393 2375 4459 exempla
2402 4400 2543 4444 sunt=
2566 4390 2734 4459 febris

253 4487 458 4540 tertiana
469 4528 484 4552 ,
521 4497 764 4555 quartana
795 4496 910 4541 cett.

319 4571 404 4638 181)
437 4574 542 4626 Cic.
579 4577 642 4626 de
676 4577 850 4640 imper.
883 4574 978 4627 Cn.
1015 4572 1245 4637 Pompeii
1279 4577 1328 4623 3.
1363 4571 1391 4637 ᾗ
1427 4574 1477 4623 7.

321 4656 407 4726 ¹⁸²)
441 4659 566 4711 Alia
598 4662 860 4727 exempla,
893 4658 1062 4712 addito
1093 4650 1217 4720 idm,
1252 4658 1368 4711 vide
1401 4672 1511 4707 ιο.
1547 4653 1652 4708 Cic.
1679 4652 1747 4703 ad
1777 4650 1922 4701 Fam.
1940 4648 2015 4700 ΙΙ.
2040 4652 2120 4699 10.
2142 4648 2179 4711 ᾗ·
2190 4651 2240 4697 3.
2277 4647 2405 4701 VII.
2425 4649 2508 4697 26.
2530 4646 2561 4709 ξ
2590 4650 2635 4695 1.
2670 4646 2735 4695 ad

255 4742 362 4795 Att.
398 4746 467 4796 V.
505 4750 552 4795 s,
592 4746 621 4808 ς
662 4750 706 4794 1.

2239 4830 2333 4895 3*
