3375 5500
1830 427 1915 487 52

648 648 832 721 enim
906 647 1238 738 nefariOS,
1306 648 1646 748 periurOS‚
1722 647 2118 746 sacrilegOS,
2188 670 2429 719 omnes
2498 645 2796 744 denique
2878 646 3095 720 consi·

648 791 877 879 mileS‚
923 818 1096 890 quos
1137 793 1210 866 in
1255 793 1427 866 urbe
1480 794 1588 866 vel
1626 793 1828 867 Italia
1872 801 2191 879 noverat,
2224 815 2449 866 servos
2494 791 2702 865 etiam
2731 788 3095 863 familiares

651 934 829 1008 filios
869 937 1157 1035 cupidos
1200 962 1534 1012 novarum
1580 963 1811 1012 rerum
1853 937 2139 1010 domum
2182 959 2378 1054 suam
2432 935 2862 1034 frequentare
2904 957 3097 1032 roga-

655 1077 773 1152 vit.
873 1081 1252 1156 Exsulibus
1307 1071 1599 1180 patriam
1621 1141 1641 1170 ‚
1694 1082 1904 1156 servis
1953 1081 2340 1155 libertatem
2363 1140 2383 1170 ,
2434 1078 2854 1181 pauperibus
2898 1102 3061 1176 opes
3081 1136 3100 1164 ,

654 1223 936 1319 privatis
979 1224 1269 1300 honores
1286 1285 1305 1313 ,
1353 1226 1644 1325 singulis
1685 1225 1974 1325 gloriam
1996 1283 2013 1313 ‚
2041 1225 2366 1299 omnibus
2418 1226 2649 1300 omnia
2699 1226 2862 1299 dare
2909 1223 3100 1323 polli-

651 1363 831 1438 citus
899 1374 1023 1440 est.
1124 1369 1480 1442 Postremo
1527 1368 1757 1443 dando
1811 1375 1881 1441 et
1934 1368 2317 1466 pollicendo
2378 1369 2473 1442 sic
2526 1395 2642 1443 eos
2691 1375 2762 1441 et
2805 1367 2983 1441 inter
3028 1393 3097 1441 se

657 1507 1010 1599 effecerat,
1055 1519 1136 1586 ut
1191 1513 1612 1588 filiifamilias
1659 1521 2022 1613 parentum
2068 1515 2344 1614 iugulos
2363 1573 2383 1605 ,
2436 1517 2610 1591 servi
2671 1514 3105 1589 dominorum

655 1676 894 1727 necem
957 1661 1028 1726 et
1101 1656 1464 1731 domorum
1527 1657 1847 1731 incendia
1923 1655 2371 1733 minarentur.
2479 1659 2617 1732 Sed
2678 1683 2896 1758 quum
2967 1664 3109 1731 erat

659 1795 792 1869 sibi
833 1797 1244 1876 detrimento
1287 1800 1739 1876 reifamiliaris
1785 1800 2016 1900 inopia
2038 1859 2057 1888 ‚
2088 1800 2263 1899 proh
2294 1801 2487 1876 nefas
2507 1860 2526 1889 ‚
2578 1801 2847 1877 necavit
2890 1800 3111 1874 filium

655 1946 736 2011 ut
809 1965 1024 2015 novae
1084 1943 1397 2042 coniugis
1461 1943 1799 2042 potiretur
1867 1943 2118 2042 opibus
2138 2003 2159 2032 ‚
2234 1969 2412 2043 quae
2482 1943 2616 2018 sibi
2687 1968 2767 2017 eo
2837 1942 3104 2016 vivente

662 2081 991 2182 coniungi
1053 2086 1397 2161 timuerat.
1499 2086 1697 2160 Haec
1758 2087 1837 2161 P.
1896 2087 1977 2160 G.
2028 2111 2452 2186 quamquam
2494 2086 2890 2162 rumoribus
2931 2084 3120 2184 vulgi

665 2225 1036 2322 agitentur,
1062 2255 1184 2329 per
1224 2255 1335 2305 me
1377 2238 1609 2304 tamen
1649 2230 1726 2303 in
1754 2237 2049 2305 vestram
2084 2232 2543 2330 praesentiam
2568 2256 2711 2306 non
2735 2228 3118 2318 venissent,

661 2367 796 2441 nisi
841 2370 929 2444 ab
978 2374 1229 2448 iisdem
1262 2375 1550 2449 consciis
1593 2374 1863 2449 sceleris
1903 2384 2112 2474 atque
2154 2376 2432 2475 cognita
2474 2377 2901 2476 potuissent,
2943 2399 3121 2474 quos

656 2510 730 2584 in
809 2513 1169 2612 publicum
1231 2518 1461 2593 venire
1523 2525 1594 2591 et
1663 2517 1833 2591 haec
1880 2517 2123 2593 eadem
2178 2518 2373 2593 vobis
2422 2518 2904 2618 praesentibus
2949 2543 3110 2592 con-

658 2656 873 2746 fiteri,
923 2659 1148 2758 pudor
1199 2660 1423 2760 magis
1471 2685 1684 2760 quam
1726 2660 1935 2735 timor
1976 2661 2227 2761 arguit.
2329 2663 2515 2738 Nam
2562 2663 2767 2738 vestri
2803 2663 3109 2738 consulis

658 2800 1253 2900 providentissimo
1305 2811 1548 2880 vestro·
1574 2806 1846 2881 decreto
1894 2806 2165 2881 sceleris
2209 2808 2586 2906 impunitas
2631 2833 2952 2883 concessa
3004 2815 3110 2882 est

665 2948 991 3025 omnibus
1016 3008 1036 3038 ,
1079 2947 1201 3048 qui
1243 2949 1525 3023 consilia
1590 2949 2079 3048 patefecerunt.
2179 2950 2441 3049 Vigilat
2500 2959 2736 3025 noctes
2803 2959 2873 3025 et
2930 2952 3080 3025 dies
3102 3011 3120 3038 ‚

666 3090 906 3165 cibum
955 3116 1094 3165 non
1154 3093 1290 3167 nisi
1337 3092 1519 3167 fame
1577 3101 1854 3169 coactus
1922 3095 2222 3194 appetit,
2271 3094 2531 3193 iugulis
2590 3094 2839 3169 nostris
2898 3094 3122 3167 inten-

664 3240 803 3311 tus,
902 3235 1012 3309 De
1075 3235 1332 3332 quibus
1391 3237 1745 3321 oculorum
1799 3238 2019 3336 ipsius
2064 3236 2356 3313 foeditas
2404 3244 2475 3311 et
2526 3236 2867 3313 maculata
2916 3235 3125 3311 facies

669 3380 989 3456 dubitare
1060 3402 1202 3455 non
1279 3380 1560 3479 patitur.
1685 3382 2059 3457 Accinctus
2128 3382 2363 3481 gladio
2438 3382 2681 3459 domos
2756 3379 3127 3455 familiares

671 3532 872 3599 nocte
931 3524 1172 3599 circuit
1191 3586 1212 3614 ‚
1265 3526 1638 3625 alloquitur
1721 3526 2027 3625 singulos
2048 3585 2067 3614 ,
2155 3526 2470 3602 hortatur
2536 3526 2775 3602 multis
2849 3523 3126 3599 rationi-

673 3669 810 3745 bus
875 3672 1182 3769 postulat
1205 3730 1227 3759 ,
1295 3679 1375 3747 ut
1445 3696 1517 3747 se
1583 3668 1900 3745 minist-ro
1980 3670 2213 3770 potius
2299 3670 2409 3745 vel
2491 3670 2664 3745 duce
2726 3668 2958 3768 potius
3040 3668 3130 3743 ad

673 3812 1063 3889 libertatem
1078 3873 1098 3902 ‚
1135 3815 1427 3890 honores
1442 3874 1461 3903 ,
1501 3815 1775 3891 divitias
1804 3840 1921 3891 eos
1958 3815 2248 3891 transire
2281 3840 2426 3889 non
2469 3814 2723 3913 pigeat.
2742 3856 2845 3875 -
2872 3811 3125 3885 Osten-

680 3956 785 4031 dit
820 3957 913 4033 ad
943 3958 1110 4033 haec
1133 3960 1435 4059 gerenda
1471 3966 1749 4058 tempus
1773 3960 2138 4047 idoneum,
2174 3984 2335 4033 suos
2365 3959 2572 4035 fortes
2614 3954 3128 4056 magnanim03‚

677 4125 804 4177 nos
845 4100 1165 4201 ignavoS,
1218 4126 1458 4177 somno
1504 4110 1576 4177 et
1620 4103 1841 4177 ventri
1882 4102 2173 4181 deditos.
2274 4102 2371 4177 Et
2414 4101 2614 4177 nobis
2658 4126 2821 4177 cum
2870 4096 3128 4172 divitiis

677 4243 989 4321 animum
1067 4252 1142 4319 et
1209 4253 1506 4323 aetatem
1574 4249 2057 4323 consenescere
2128 4248 2330 4347 quasi
2397 4248 2691 4348 patriam
2758 4250 2833 4317 et
2908 4266 3126 4338 remp.

678 4388 887 4463 armis
951 4388 1272 4466 invadere
1341 4397 1522 4467 esset
1581 4390 1869 4467 fortasse
1936 4390 2169 4465 timori
2232 4390 2491 4468 nullius
2558 4389 2866 4465 timidus,
2992 4384 3131 4459 Hic

685 4528 924 4605 laudat
1021 4533 1329 4611 Marium
1423 4536 1824 4634 Sullamque
1914 4542 2237 4611 cruentos
2328 4536 2579 4611 senices
2664 4531 2895 4607 felices
2953 4525 3129 4601 indi-

679 4680 823 4766 cat,
873 4676 1293 4775 quibuscum
1352 4679 1815 4778 magnanimis
1884 4704 2009 4757 sua
2064 4679 2347 4761 consilia
2415 4676 2920 4757 communicare
2988 4694 3135 4749 sors
