<?xml version="1.0" encoding="UTF-8"?>
<!DOCTYPE html PUBLIC "-//W3C//DTD XHTML 1.0 Transitional//EN"
    "http://www.w3.org/TR/xhtml1/DTD/xhtml1-transitional.dtd">
<html xmlns="http://www.w3.org/1999/xhtml" xml:lang="en" lang="en">
 <head>
  <title>
</title>
<meta http-equiv="Content-Type" content="text/html;charset=utf-8" />
  <meta name='ocr-system' content='tesseract 3.04.00' />
  <meta name='ocr-capabilities' content='ocr_page ocr_carea ocr_par ocr_line ocrx_word'/>
</head>
<body>
  <div class='ocr_page' id='page_1' title='image "./disputatiodeora00cicegoog_0047.png"; bbox 0 0 3375 5500; ppageno 0'>
   <div class='ocr_carea' id='block_1_1' title="bbox 2624 427 2778 472">
    <p class='ocr_par' dir='ltr' id='par_1_1' title="bbox 2624 427 2778 472">
     <span class='ocr_line' id='line_1_1' title="bbox 2624 427 2778 472; baseline 0.013 -4"><span class='ocrx_word' id='word_1_1' title='bbox 2624 427 2707 471; x_wconf 77' lang='lat' dir='ltr'>IX</span> <span class='ocrx_word' id='word_1_2' title='bbox 2716 430 2778 472; x_wconf 77' lang='lat' dir='ltr'>lx</span> 
     </span>
    </p>
   </div>
   <div class='ocr_carea' id='block_1_2' title="bbox 213 605 2799 3921">
    <p class='ocr_par' dir='ltr' id='par_1_2' title="bbox 307 605 2778 815">
     <span class='ocr_line' id='line_1_2' title="bbox 405 605 2778 693; baseline 0.002 -20"><span class='ocrx_word' id='word_1_3' title='bbox 405 611 470 675; x_wconf 81' lang='lat'>2.</span> <span class='ocrx_word' id='word_1_4' title='bbox 543 607 756 674; x_wconf 88' lang='lat' dir='ltr'>Video</span> <span class='ocrx_word' id='word_1_5' title='bbox 797 605 956 693; x_wconf 90' lang='lat' dir='ltr'>quid</span> <span class='ocrx_word' id='word_1_6' title='bbox 1004 627 1174 690; x_wconf 83' lang='lat' dir='ltr'>agas.</span> <span class='ocrx_word' id='word_1_7' title='bbox 1267 606 1440 670; x_wconf 79' lang='lat' dir='ltr'>Tuas</span> <span class='ocrx_word' id='word_1_8' title='bbox 1490 625 1751 689; x_wconf 90' lang='lat' dir='ltr'>quoque</span> <span class='ocrx_word' id='word_1_9' title='bbox 1790 605 2094 691; x_wconf 81' lang='lat' dir='ltr'><strong>epistolas</strong></span> <span class='ocrx_word' id='word_1_10' title='bbox 2144 609 2239 674; x_wconf 87' lang='lat' dir='ltr'>vis</span> <span class='ocrx_word' id='word_1_11' title='bbox 2280 609 2503 676; x_wconf 86' lang='lat' dir='ltr'>referri</span> <span class='ocrx_word' id='word_1_12' title='bbox 2552 612 2620 676; x_wconf 90' lang='lat' dir='ltr'>in</span> <span class='ocrx_word' id='word_1_13' title='bbox 2666 634 2778 680; x_wconf 83' lang='lat' dir='ltr'>vo-</span> 
     </span>
     <span class='ocr_line' id='line_1_3' title="bbox 307 723 2431 815; baseline 0.001 -26"><span class='ocrx_word' id='word_1_14' title='bbox 307 727 560 793; x_wconf 89' lang='lat' dir='ltr'>lumina</span> <span class='ocrx_word' id='word_1_15' title='bbox 611 730 760 812; x_wconf 74' lang='grc'><strong>139).</strong></span> <span class='ocrx_word' id='word_1_16' title='bbox 859 725 1068 815; x_wconf 89' lang='lat' dir='ltr'>(Haec</span> <span class='ocrx_word' id='word_1_17' title='bbox 1113 725 1352 811; x_wconf 89' lang='lat' dir='ltr'>scripta</span> <span class='ocrx_word' id='word_1_18' title='bbox 1396 733 1552 790; x_wconf 89' lang='lat' dir='ltr'>sunt</span> <span class='ocrx_word' id='word_1_19' title='bbox 1594 725 1674 788; x_wconf 92' lang='lat' dir='ltr'>ad</span> <span class='ocrx_word' id='word_1_20' title='bbox 1721 724 2079 811; x_wconf 87' lang='lat' dir='ltr'><strong>Tironem).</strong></span> <span class='ocrx_word' id='word_1_21' title='bbox 2420 723 2431 734; x_wconf 82' lang='lat'>&#39;</span> 
     </span>
    </p>

    <p class='ocr_par' dir='ltr' id='par_1_3' title="bbox 213 842 2779 1288">
     <span class='ocr_line' id='line_1_4' title="bbox 403 842 2779 930; baseline 0.002 -19"><span class='ocrx_word' id='word_1_22' title='bbox 403 851 466 912; x_wconf 88' lang='grc'>3.</span> <span class='ocrx_word' id='word_1_23' title='bbox 539 845 738 912; x_wconf 79' lang='lat' dir='ltr'>Quod</span> <span class='ocrx_word' id='word_1_24' title='bbox 787 844 1126 930; x_wconf 86' lang='lat' dir='ltr'>epistolam</span> <span class='ocrx_word' id='word_1_25' title='bbox 1174 865 1389 909; x_wconf 88' lang='lat' dir='ltr'>meam</span> <span class='ocrx_word' id='word_1_26' title='bbox 1443 842 1526 908; x_wconf 93' lang='lat' dir='ltr'>ad</span> <span class='ocrx_word' id='word_1_27' title='bbox 1571 843 1853 908; x_wconf 79' lang='lat' dir='ltr'><strong>Brutum</strong></span> <span class='ocrx_word' id='word_1_28' title='bbox 1901 844 2110 928; x_wconf 90' lang='lat' dir='ltr'>poscis</span> <span class='ocrx_word' id='word_1_29' title='bbox 2128 893 2148 922; x_wconf 92' lang='lat'><em>,</em></span> <span class='ocrx_word' id='word_1_30' title='bbox 2193 870 2329 912; x_wconf 91' lang='lat' dir='ltr'>non</span> <span class='ocrx_word' id='word_1_31' title='bbox 2387 849 2593 916; x_wconf 89' lang='lat' dir='ltr'>habeo</span> <span class='ocrx_word' id='word_1_32' title='bbox 2641 851 2779 918; x_wconf 89' lang='lat' dir='ltr'>eius</span> 
     </span>
     <span class='ocr_line' id='line_1_5' title="bbox 313 963 2779 1053; baseline 0.002 -21"><span class='ocrx_word' id='word_1_33' title='bbox 313 966 678 1051; x_wconf 85' lang='lat' dir='ltr'>exemplum</span> <span class='ocrx_word' id='word_1_34' title='bbox 696 1013 716 1042; x_wconf 91' lang='lat'><em>,</em></span> <span class='ocrx_word' id='word_1_35' title='bbox 762 963 876 1030; x_wconf 90' lang='lat' dir='ltr'>sed</span> <span class='ocrx_word' id='word_1_36' title='bbox 919 970 1143 1029; x_wconf 88' lang='lat' dir='ltr'>tamen</span> <span class='ocrx_word' id='word_1_37' title='bbox 1171 963 1418 1028; x_wconf 88' lang='lat' dir='ltr'>salvum</span> <span class='ocrx_word' id='word_1_38' title='bbox 1455 970 1554 1030; x_wconf 92' lang='lat' dir='ltr'>est</span> <span class='ocrx_word' id='word_1_39' title='bbox 1569 1009 1591 1040; x_wconf 91' lang='lat'><em>,</em></span> <span class='ocrx_word' id='word_1_40' title='bbox 1635 970 1703 1028; x_wconf 90' lang='lat' dir='ltr'>et</span> <span class='ocrx_word' id='word_1_41' title='bbox 1745 964 1839 1028; x_wconf 90' lang='lat' dir='ltr'>ait</span> <span class='ocrx_word' id='word_1_42' title='bbox 1876 964 2031 1029; x_wconf 88' lang='lat' dir='ltr'>Tiro</span> <span class='ocrx_word' id='word_1_43' title='bbox 2070 971 2137 1030; x_wconf 89' lang='lat' dir='ltr'>te</span> <span class='ocrx_word' id='word_1_44' title='bbox 2170 967 2409 1034; x_wconf 89' lang='lat' dir='ltr'>habere</span> <span class='ocrx_word' id='word_1_45' title='bbox 2444 976 2741 1053; x_wconf 82' lang='lat' dir='ltr'>oportere</span> <span class='ocrx_word' id='word_1_46' title='bbox 2758 1020 2779 1049; x_wconf 93' lang='lat'><em>,</em></span> 
     </span>
     <span class='ocr_line' id='line_1_6' title="bbox 313 1080 2778 1172; baseline 0.002 -23"><span class='ocrx_word' id='word_1_47' title='bbox 313 1089 380 1150; x_wconf 92' lang='lat' dir='ltr'>et</span> <span class='ocrx_word' id='word_1_48' title='bbox 436 1091 514 1149; x_wconf 91' lang='lat' dir='ltr'>ut</span> <span class='ocrx_word' id='word_1_49' title='bbox 570 1082 874 1149; x_wconf 87' lang='lat' dir='ltr'>recordor</span> <span class='ocrx_word' id='word_1_50' title='bbox 937 1105 1072 1146; x_wconf 89' lang='lat' dir='ltr'>una</span> <span class='ocrx_word' id='word_1_51' title='bbox 1131 1103 1280 1146; x_wconf 89' lang='lat' dir='ltr'>cum</span> <span class='ocrx_word' id='word_1_52' title='bbox 1329 1080 1506 1146; x_wconf 90' lang='lat' dir='ltr'>illius</span> <span class='ocrx_word' id='word_1_53' title='bbox 1564 1081 2005 1166; x_wconf 82' lang='lat' dir='ltr'>obiurgatoria</span> <span class='ocrx_word' id='word_1_54' title='bbox 2055 1084 2177 1150; x_wconf 84' lang='lat' dir='ltr'>tibi</span> <span class='ocrx_word' id='word_1_55' title='bbox 2216 1107 2431 1152; x_wconf 89' lang='lat' dir='ltr'>meam</span> <span class='ocrx_word' id='word_1_56' title='bbox 2480 1108 2741 1172; x_wconf 90' lang='lat' dir='ltr'>quoque</span> <span class='ocrx_word' id='word_1_57' title='bbox 2758 1138 2778 1167; x_wconf 91' lang='lat'><em>,</em></span> 
     </span>
     <span class='ocr_line' id='line_1_7' title="bbox 213 1197 1767 1288; baseline -0.005 -17"><span class='ocrx_word' id='word_1_58' title='bbox 213 1239 220 1243; x_wconf 92' lang='lat'>·</span> <span class='ocrx_word' id='word_1_59' title='bbox 311 1226 508 1288; x_wconf 89' lang='lat' dir='ltr'>quam</span> <span class='ocrx_word' id='word_1_60' title='bbox 563 1203 648 1268; x_wconf 89' lang='lat' dir='ltr'>ad</span> <span class='ocrx_word' id='word_1_61' title='bbox 689 1197 839 1268; x_wconf 83' lang='lat' dir='ltr'>enm</span> <span class='ocrx_word' id='word_1_62' title='bbox 884 1201 1331 1284; x_wconf 80' lang='lat' dir='ltr'><strong>rescripseram</strong></span> <span class='ocrx_word' id='word_1_63' title='bbox 1349 1248 1369 1277; x_wconf 91' lang='lat'><em>,</em></span> <span class='ocrx_word' id='word_1_64' title='bbox 1419 1201 1569 1264; x_wconf 89' lang='lat' dir='ltr'>misi</span> <span class='ocrx_word' id='word_1_65' title='bbox 1617 1204 1767 1286; x_wconf 76' lang='grc' dir='ltr'>ι40).</span> 
     </span>
    </p>

    <p class='ocr_par' dir='ltr' id='par_1_4' title="bbox 309 1318 2799 3563">
     <span class='ocr_line' id='line_1_8' title="bbox 402 1318 2781 1406; baseline 0.003 -17"><span class='ocrx_word' id='word_1_66' title='bbox 402 1326 588 1389; x_wconf 90' lang='lat' dir='ltr'>Haec</span> <span class='ocrx_word' id='word_1_67' title='bbox 650 1321 850 1406; x_wconf 86' lang='lat' dir='ltr'>igitur</span> <span class='ocrx_word' id='word_1_68' title='bbox 903 1326 1055 1384; x_wconf 91' lang='lat' dir='ltr'>sunt</span> <span class='ocrx_word' id='word_1_69' title='bbox 1109 1319 1190 1384; x_wconf 91' lang='lat' dir='ltr'>de</span> <span class='ocrx_word' id='word_1_70' title='bbox 1257 1318 1500 1384; x_wconf 82' lang='lat' dir='ltr'>Tirone</span> <span class='ocrx_word' id='word_1_71' title='bbox 1566 1319 1984 1405; x_wconf 86' lang='lat' dir='ltr'>epistolarum</span> <span class='ocrx_word' id='word_1_72' title='bbox 2040 1322 2125 1387; x_wconf 89' lang='lat' dir='ltr'>ad</span> <span class='ocrx_word' id='word_1_73' title='bbox 2182 1324 2479 1391; x_wconf 86' lang='lat' dir='ltr'>Atticum</span> <span class='ocrx_word' id='word_1_74' title='bbox 2533 1326 2781 1395; x_wconf 82' lang='lat' dir='ltr'>editore</span> 
     </span>
     <span class='ocr_line' id='line_1_9' title="bbox 309 1438 2781 1532; baseline 0.002 -22"><span class='ocrx_word' id='word_1_75' title='bbox 309 1441 720 1519; x_wconf 86' lang='lat' dir='ltr'>testimonia,</span> <span class='ocrx_word' id='word_1_76' title='bbox 758 1438 991 1525; x_wconf 87' lang='lat' dir='ltr'>quibus</span> <span class='ocrx_word' id='word_1_77' title='bbox 1027 1445 1202 1506; x_wconf 90' lang='lat' dir='ltr'>certe</span> <span class='ocrx_word' id='word_1_78' title='bbox 1234 1460 1338 1504; x_wconf 90' lang='lat' dir='ltr'>res</span> <span class='ocrx_word' id='word_1_79' title='bbox 1375 1459 1511 1504; x_wconf 88' lang='lat' dir='ltr'>non</span> <span class='ocrx_word' id='word_1_80' title='bbox 1545 1446 1727 1504; x_wconf 88' lang='lat' dir='ltr'>extra</span> <span class='ocrx_word' id='word_1_81' title='bbox 1760 1461 2021 1508; x_wconf 89' lang='lat' dir='ltr'>omnem</span> <span class='ocrx_word' id='word_1_82' title='bbox 2060 1441 2533 1530; x_wconf 81' lang='lat' dir='ltr'>dubitationem</span> <span class='ocrx_word' id='word_1_83' title='bbox 2567 1449 2781 1532; x_wconf 89' lang='lat' dir='ltr'>posita</span> 
     </span>
     <span class='ocr_line' id='line_1_10' title="bbox 311 1560 2779 1649; baseline 0 -19"><span class='ocrx_word' id='word_1_84' title='bbox 311 1571 450 1642; x_wconf 93' lang='lat' dir='ltr'>est,</span> <span class='ocrx_word' id='word_1_85' title='bbox 494 1585 706 1648; x_wconf 88' lang='lat' dir='ltr'>neque</span> <span class='ocrx_word' id='word_1_86' title='bbox 753 1560 882 1626; x_wconf 89' lang='lat' dir='ltr'>illis</span> <span class='ocrx_word' id='word_1_87' title='bbox 929 1560 1328 1644; x_wconf 79' lang='lat' dir='ltr'>argumentis</span> <span class='ocrx_word' id='word_1_88' title='bbox 1375 1561 1731 1646; x_wconf 81' lang='lat' dir='ltr'>quidquam</span> <span class='ocrx_word' id='word_1_89' title='bbox 1769 1561 2019 1629; x_wconf 78' lang='lat' dir='ltr'>accedit</span> <span class='ocrx_word' id='word_1_90' title='bbox 2062 1571 2315 1649; x_wconf 87' lang='lat' dir='ltr'>praeter</span> <span class='ocrx_word' id='word_1_91' title='bbox 2357 1565 2599 1631; x_wconf 87' lang='lat' dir='ltr'>famam</span> <span class='ocrx_word' id='word_1_92' title='bbox 2640 1569 2779 1634; x_wconf 90' lang='lat' dir='ltr'>vul-</span> 
     </span>
     <span class='ocr_line' id='line_1_11' title="bbox 310 1679 2779 1770; baseline 0.002 -23"><span class='ocrx_word' id='word_1_93' title='bbox 310 1703 528 1767; x_wconf 86' lang='lat' dir='ltr'>garem</span> <span class='ocrx_word' id='word_1_94' title='bbox 580 1686 728 1766; x_wconf 81' lang='lat'>¹⁴¹).</span> <span class='ocrx_word' id='word_1_95' title='bbox 821 1680 1078 1748; x_wconf 86' lang='lat' dir='ltr'>Priores</span> <span class='ocrx_word' id='word_1_96' title='bbox 1129 1681 1259 1746; x_wconf 92' lang='lat' dir='ltr'>duo</span> <span class='ocrx_word' id='word_1_97' title='bbox 1324 1679 1454 1745; x_wconf 93' lang='lat' dir='ltr'>loci</span> <span class='ocrx_word' id='word_1_98' title='bbox 1503 1702 1668 1765; x_wconf 89' lang='lat' dir='ltr'>quos</span> <span class='ocrx_word' id='word_1_99' title='bbox 1724 1680 2022 1759; x_wconf 88' lang='lat' dir='ltr'>laudavi,</span> <span class='ocrx_word' id='word_1_100' title='bbox 2083 1683 2181 1746; x_wconf 91' lang='lat' dir='ltr'>nil</span> <span class='ocrx_word' id='word_1_101' title='bbox 2227 1683 2583 1768; x_wconf 80' lang='lat' dir='ltr'>quidquam</span> <span class='ocrx_word' id='word_1_102' title='bbox 2632 1707 2779 1770; x_wconf 87' lang='lat' dir='ltr'>pro-</span> 
     </span>
     <span class='ocr_line' id='line_1_12' title="bbox 312 1799 2780 1885; baseline 0.001 -19"><span class='ocrx_word' id='word_1_103' title='bbox 312 1801 470 1867; x_wconf 90' lang='lat' dir='ltr'>bant</span> <span class='ocrx_word' id='word_1_104' title='bbox 485 1827 507 1881; x_wconf 80' lang='lat'>3</span> <span class='ocrx_word' id='word_1_105' title='bbox 547 1800 780 1867; x_wconf 90' lang='lat' dir='ltr'>tertius</span> <span class='ocrx_word' id='word_1_106' title='bbox 824 1821 976 1866; x_wconf 85' lang='lat' dir='ltr'>vero</span> <span class='ocrx_word' id='word_1_107' title='bbox 1024 1799 1263 1866; x_wconf 82' lang='lat' dir='ltr'>diserte</span> <span class='ocrx_word' id='word_1_108' title='bbox 1309 1799 1709 1866; x_wconf 86' lang='lat' dir='ltr'>contrarium</span> <span class='ocrx_word' id='word_1_109' title='bbox 1761 1799 1951 1866; x_wconf 88' lang='lat' dir='ltr'>docet</span> <span class='ocrx_word' id='word_1_110' title='bbox 1992 1800 2168 1878; x_wconf 90' lang='lat' dir='ltr'>eius,</span> <span class='ocrx_word' id='word_1_111' title='bbox 2215 1801 2391 1885; x_wconf 89' lang='lat' dir='ltr'>quod</span> <span class='ocrx_word' id='word_1_112' title='bbox 2437 1802 2555 1868; x_wconf 83' lang='lat' dir='ltr'>viri</span> <span class='ocrx_word' id='word_1_113' title='bbox 2604 1803 2780 1868; x_wconf 90' lang='lat' dir='ltr'>docti</span> 
     </span>
     <span class='ocr_line' id='line_1_13' title="bbox 314 1918 2781 2005; baseline 0.002 -21"><span class='ocrx_word' id='word_1_114' title='bbox 314 1919 464 1986; x_wconf 91' lang='lat' dir='ltr'>inde</span> <span class='ocrx_word' id='word_1_115' title='bbox 523 1920 900 1985; x_wconf 88' lang='lat' dir='ltr'>hauserunt.</span> <span class='ocrx_word' id='word_1_116' title='bbox 1003 1919 1264 1984; x_wconf 88' lang='lat' dir='ltr'>Atticus</span> <span class='ocrx_word' id='word_1_117' title='bbox 1331 1919 1507 1984; x_wconf 90' lang='lat' dir='ltr'>enim</span> <span class='ocrx_word' id='word_1_118' title='bbox 1567 1918 1857 2003; x_wconf 85' lang='lat' dir='ltr'>postulat</span> <span class='ocrx_word' id='word_1_119' title='bbox 1904 1919 2247 2005; x_wconf 87' lang='lat' dir='ltr'>epistolam</span> <span class='ocrx_word' id='word_1_120' title='bbox 2301 1920 2385 1985; x_wconf 88' lang='lat' dir='ltr'>ad</span> <span class='ocrx_word' id='word_1_121' title='bbox 2418 1922 2699 1988; x_wconf 87' lang='lat' dir='ltr'>Brutum</span> <span class='ocrx_word' id='word_1_122' title='bbox 2741 1947 2781 1989; x_wconf 88' lang='lat' dir='ltr'>a</span> 
     </span>
     <span class='ocr_line' id='line_1_14' title="bbox 312 2037 2781 2125; baseline 0.002 -21"><span class='ocrx_word' id='word_1_123' title='bbox 312 2039 528 2105; x_wconf 80' lang='lat' dir='ltr'>Tullio</span> <span class='ocrx_word' id='word_1_124' title='bbox 568 2039 824 2116; x_wconf 87' lang='lat' dir='ltr'>datam,</span> <span class='ocrx_word' id='word_1_125' title='bbox 869 2037 1052 2104; x_wconf 86' lang='lat' dir='ltr'>cuius</span> <span class='ocrx_word' id='word_1_126' title='bbox 1093 2037 1458 2123; x_wconf 83' lang='lat' dir='ltr'>exemplum</span> <span class='ocrx_word' id='word_1_127' title='bbox 1497 2037 1727 2103; x_wconf 89' lang='lat' dir='ltr'>Cicero</span> <span class='ocrx_word' id='word_1_128' title='bbox 1762 2060 1899 2104; x_wconf 88' lang='lat' dir='ltr'>non</span> <span class='ocrx_word' id='word_1_129' title='bbox 1939 2039 2222 2106; x_wconf 89' lang='lat' dir='ltr'>habebat</span> <span class='ocrx_word' id='word_1_130' title='bbox 2236 2065 2257 2119; x_wconf 67' lang='grc' dir='ltr'><strong><em>ς</em></strong></span> <span class='ocrx_word' id='word_1_131' title='bbox 2292 2040 2348 2105; x_wconf 90' lang='lat' dir='ltr'>si</span> <span class='ocrx_word' id='word_1_132' title='bbox 2386 2041 2587 2125; x_wconf 86' lang='lat' dir='ltr'>igitur</span> <span class='ocrx_word' id='word_1_133' title='bbox 2628 2043 2781 2110; x_wconf 84' lang='lat' dir='ltr'>Tiro</span> 
     </span>
     <span class='ocr_line' id='line_1_15' title="bbox 312 2158 2781 2249; baseline 0 -23"><span class='ocrx_word' id='word_1_134' title='bbox 312 2159 512 2226; x_wconf 83' lang='lat' dir='ltr'>Tullii</span> <span class='ocrx_word' id='word_1_135' title='bbox 557 2159 978 2244; x_wconf 88' lang='lat' dir='ltr'>epistolarum</span> <span class='ocrx_word' id='word_1_136' title='bbox 1019 2158 1396 2237; x_wconf 72' lang='grc' dir='ltr'><em>συναγωγήν</em></span> <span class='ocrx_word' id='word_1_137' title='bbox 1437 2158 1853 2242; x_wconf 86' lang='lat' dir='ltr'>comparabat</span> <span class='ocrx_word' id='word_1_138' title='bbox 1870 2207 1887 2237; x_wconf 92' lang='lat'>‚</span> <span class='ocrx_word' id='word_1_139' title='bbox 1938 2159 2121 2224; x_wconf 89' lang='lat' dir='ltr'>nullo</span> <span class='ocrx_word' id='word_1_140' title='bbox 2164 2160 2429 2244; x_wconf 88' lang='lat' dir='ltr'>negotio</span> <span class='ocrx_word' id='word_1_141' title='bbox 2463 2160 2781 2249; x_wconf 88' lang='lat' dir='ltr'>descripta</span> 
     </span>
     <span class='ocr_line' id='line_1_16' title="bbox 311 2275 2780 2368; baseline 0.001 -22"><span class='ocrx_word' id='word_1_142' title='bbox 311 2280 394 2346; x_wconf 86' lang='lat' dir='ltr'>ad</span> <span class='ocrx_word' id='word_1_143' title='bbox 447 2281 748 2346; x_wconf 86' lang='lat' dir='ltr'>Atticum</span> <span class='ocrx_word' id='word_1_144' title='bbox 789 2277 968 2344; x_wconf 90' lang='lat' dir='ltr'>mitti</span> <span class='ocrx_word' id='word_1_145' title='bbox 1015 2284 1301 2363; x_wconf 85' lang='lat' dir='ltr'>poterat:</span> <span class='ocrx_word' id='word_1_146' title='bbox 1365 2277 1480 2344; x_wconf 88' lang='lat' dir='ltr'>sed</span> <span class='ocrx_word' id='word_1_147' title='bbox 1525 2277 1679 2343; x_wconf 76' lang='lat' dir='ltr'>Tiro</span> <span class='ocrx_word' id='word_1_148' title='bbox 1732 2275 1981 2356; x_wconf 89' lang='lat' dir='ltr'>aiebat,</span> <span class='ocrx_word' id='word_1_149' title='bbox 2025 2279 2207 2362; x_wconf 88' lang='lat' dir='ltr'>quod</span> <span class='ocrx_word' id='word_1_150' title='bbox 2252 2287 2321 2346; x_wconf 90' lang='lat' dir='ltr'>et</span> <span class='ocrx_word' id='word_1_151' title='bbox 2368 2281 2597 2347; x_wconf 86' lang='lat' dir='ltr'>Cicero</span> <span class='ocrx_word' id='word_1_152' title='bbox 2640 2283 2780 2368; x_wconf 90' lang='lat' dir='ltr'>ipse</span> 
     </span>
     <span class='ocr_line' id='line_1_17' title="bbox 310 2397 2781 2483; baseline 0.001 -19"><span class='ocrx_word' id='word_1_153' title='bbox 310 2399 800 2476; x_wconf 80' lang='lat' dir='ltr'>recordabatur,</span> <span class='ocrx_word' id='word_1_154' title='bbox 843 2420 914 2464; x_wconf 88' lang='lat' dir='ltr'>se</span> <span class='ocrx_word' id='word_1_155' title='bbox 953 2397 1295 2483; x_wconf 87' lang='lat' dir='ltr'>epistolam</span> <span class='ocrx_word' id='word_1_156' title='bbox 1336 2397 1520 2463; x_wconf 88' lang='lat' dir='ltr'>illam</span> <span class='ocrx_word' id='word_1_157' title='bbox 1565 2397 1648 2462; x_wconf 89' lang='lat' dir='ltr'>ad</span> <span class='ocrx_word' id='word_1_158' title='bbox 1675 2397 1979 2464; x_wconf 85' lang='lat' dir='ltr'>Atticum</span> <span class='ocrx_word' id='word_1_159' title='bbox 2024 2399 2295 2466; x_wconf 82' lang='lat' dir='ltr'>misisse.</span> <span class='ocrx_word' id='word_1_160' title='bbox 2336 2399 2625 2466; x_wconf 80' lang='lat' dir='ltr'>&#39;Atticus</span> <span class='ocrx_word' id='word_1_161' title='bbox 2634 2447 2656 2479; x_wconf 89' lang='lat'><strong><em>,</em></strong></span> <span class='ocrx_word' id='word_1_162' title='bbox 2703 2408 2781 2467; x_wconf 85' lang='lat' dir='ltr'>ut</span> 
     </span>
     <span class='ocr_line' id='line_1_18' title="bbox 314 2517 2781 2606; baseline -0 -21"><span class='ocrx_word' id='word_1_163' title='bbox 314 2541 508 2606; x_wconf 88' lang='lat' dir='ltr'>supra</span> <span class='ocrx_word' id='word_1_164' title='bbox 554 2518 1136 2586; x_wconf 85' lang='lat' dir='ltr'>demonstravimus</span> <span class='ocrx_word' id='word_1_165' title='bbox 1154 2565 1176 2596; x_wconf 91' lang='lat'><em>,</em></span> <span class='ocrx_word' id='word_1_166' title='bbox 1220 2517 1454 2603; x_wconf 90' lang='lat' dir='ltr'>cupide</span> <span class='ocrx_word' id='word_1_167' title='bbox 1499 2517 1856 2603; x_wconf 84' lang='lat' dir='ltr'>postulavit</span> <span class='ocrx_word' id='word_1_168' title='bbox 1890 2519 2111 2584; x_wconf 89' lang='lat' dir='ltr'>omnia</span> <span class='ocrx_word' id='word_1_169' title='bbox 2151 2541 2319 2604; x_wconf 89' lang='lat' dir='ltr'>quae</span> <span class='ocrx_word' id='word_1_170' title='bbox 2357 2521 2586 2586; x_wconf 83' lang='lat' dir='ltr'>Cicero</span> <span class='ocrx_word' id='word_1_171' title='bbox 2624 2521 2781 2586; x_wconf 83' lang='lat' dir='ltr'>seri-</span> 
     </span>
     <span class='ocr_line' id='line_1_19' title="bbox 321 2635 2799 2732; baseline 0 -28"><span class='ocrx_word' id='word_1_172' title='bbox 321 2638 548 2732; x_wconf 69' lang='lat' dir='ltr'>bebat,</span> <span class='ocrx_word' id='word_1_173' title='bbox 604 2639 788 2704; x_wconf 89' lang='lat' dir='ltr'>cuius</span> <span class='ocrx_word' id='word_1_174' title='bbox 853 2638 1006 2704; x_wconf 86' lang='lat' dir='ltr'>libri</span> <span class='ocrx_word' id='word_1_175' title='bbox 1061 2637 1474 2724; x_wconf 87' lang='lat' dir='ltr'>pretiosiores</span> <span class='ocrx_word' id='word_1_176' title='bbox 1540 2635 1949 2704; x_wconf 87' lang='lat' dir='ltr'>habebantur</span> <span class='ocrx_word' id='word_1_177' title='bbox 2002 2645 2069 2706; x_wconf 93' lang='lat' dir='ltr'>et</span> <span class='ocrx_word' id='word_1_178' title='bbox 2124 2661 2445 2704; x_wconf 88' lang='lat' dir='ltr'>summam</span> <span class='ocrx_word' id='word_1_179' title='bbox 2495 2639 2799 2723; x_wconf 83' lang='lat' dir='ltr'>gloriam&#39;</span> 
     </span>
     <span class='ocr_line' id='line_1_20' title="bbox 317 2757 2781 2844; baseline -0 -20"><span class='ocrx_word' id='word_1_180' title='bbox 317 2760 686 2827; x_wconf 85' lang='lat' dir='ltr'>retinebant</span> <span class='ocrx_word' id='word_1_181' title='bbox 741 2759 801 2825; x_wconf 89' lang='lat' dir='ltr'>si</span> <span class='ocrx_word' id='word_1_182' title='bbox 853 2758 936 2825; x_wconf 91' lang='lat' dir='ltr'>ab</span> <span class='ocrx_word' id='word_1_183' title='bbox 985 2759 1210 2825; x_wconf 84' lang='lat' dir='ltr'>Attico</span> <span class='ocrx_word' id='word_1_184' title='bbox 1267 2764 1485 2825; x_wconf 85' lang='lat' dir='ltr'>essent</span> <span class='ocrx_word' id='word_1_185' title='bbox 1541 2757 1847 2844; x_wconf 86' lang='lat' dir='ltr'>descripti</span> <span class='ocrx_word' id='word_1_186' title='bbox 1900 2764 2047 2844; x_wconf 74' lang='lat'>1⁴²).</span> <span class='ocrx_word' id='word_1_187' title='bbox 2142 2758 2399 2826; x_wconf 78' lang='lat' dir='ltr'>Quodsi</span> <span class='ocrx_word' id='word_1_188' title='bbox 2448 2759 2781 2824; x_wconf 83' lang='lat' dir='ltr'>Ciceronis</span> 
     </span>
     <span class='ocr_line' id='line_1_21' title="bbox 317 2878 2784 2967; baseline 0 -22"><span class='ocrx_word' id='word_1_189' title='bbox 317 2880 625 2967; x_wconf 85' lang='lat' dir='ltr'>epistolae</span> <span class='ocrx_word' id='word_1_190' title='bbox 675 2904 715 2946; x_wconf 88' lang='lat' dir='ltr'>a</span> <span class='ocrx_word' id='word_1_191' title='bbox 747 2881 989 2946; x_wconf 87' lang='lat' dir='ltr'>Tirone</span> <span class='ocrx_word' id='word_1_192' title='bbox 1033 2885 1220 2945; x_wconf 78' lang='lat' dir='ltr'>erant</span> <span class='ocrx_word' id='word_1_193' title='bbox 1266 2879 1578 2945; x_wconf 87' lang='lat' dir='ltr'>collectae</span> <span class='ocrx_word' id='word_1_194' title='bbox 1619 2884 1699 2943; x_wconf 90' lang='lat' dir='ltr'>ut</span> <span class='ocrx_word' id='word_1_195' title='bbox 1740 2878 2116 2957; x_wconf 86' lang='lat' dir='ltr'>ederentur,</span> <span class='ocrx_word' id='word_1_196' title='bbox 2164 2880 2304 2946; x_wconf 89' lang='lat' dir='ltr'>sine</span> <span class='ocrx_word' id='word_1_197' title='bbox 2348 2879 2547 2945; x_wconf 90' lang='lat' dir='ltr'>dubio</span> <span class='ocrx_word' id='word_1_198' title='bbox 2586 2880 2784 2945; x_wconf 81' lang='lat' dir='ltr'>etiam</span> 
     </span>
     <span class='ocr_line' id='line_1_22' title="bbox 317 2997 2783 3085; baseline -0 -19"><span class='ocrx_word' id='word_1_199' title='bbox 317 3022 472 3085; x_wconf 84' lang='lat' dir='ltr'>quas</span> <span class='ocrx_word' id='word_1_200' title='bbox 523 3001 782 3067; x_wconf 87' lang='lat' dir='ltr'>Atticus</span> <span class='ocrx_word' id='word_1_201' title='bbox 827 2998 1156 3085; x_wconf 87' lang='lat' dir='ltr'>rescripsit</span> <span class='ocrx_word' id='word_1_202' title='bbox 1203 2997 1286 3063; x_wconf 92' lang='lat' dir='ltr'>ad</span> <span class='ocrx_word' id='word_1_203' title='bbox 1341 2998 1631 3064; x_wconf 81' lang='lat' dir='ltr'>Tullium</span> <span class='ocrx_word' id='word_1_204' title='bbox 1673 2997 2029 3065; x_wconf 89' lang='lat' dir='ltr'>addidisset</span> <span class='ocrx_word' id='word_1_205' title='bbox 2045 3047 2067 3076; x_wconf 90' lang='lat'><em>,</em></span> <span class='ocrx_word' id='word_1_206' title='bbox 2112 3021 2389 3083; x_wconf 88' lang='lat' dir='ltr'>quarum</span> <span class='ocrx_word' id='word_1_207' title='bbox 2433 3006 2657 3065; x_wconf 88' lang='lat' dir='ltr'>tamen</span> <span class='ocrx_word' id='word_1_208' title='bbox 2696 3020 2783 3065; x_wconf 88' lang='lat' dir='ltr'>ne</span> 
     </span>
     <span class='ocr_line' id='line_1_23' title="bbox 311 3118 2783 3204; baseline 0.001 -21"><span class='ocrx_word' id='word_1_209' title='bbox 311 3120 656 3204; x_wconf 86' lang='lat' dir='ltr'>vestigium</span> <span class='ocrx_word' id='word_1_210' title='bbox 711 3118 974 3204; x_wconf 90' lang='lat' dir='ltr'>quidem</span> <span class='ocrx_word' id='word_1_211' title='bbox 1017 3119 1364 3185; x_wconf 87' lang='lat' dir='ltr'>invenitur.</span> <span class='ocrx_word' id='word_1_212' title='bbox 1469 3118 1803 3202; x_wconf 90' lang='lat' dir='ltr'>Epistolae</span> <span class='ocrx_word' id='word_1_213' title='bbox 1862 3126 2079 3184; x_wconf 89' lang='lat' dir='ltr'>autem</span> <span class='ocrx_word' id='word_1_214' title='bbox 2139 3140 2317 3184; x_wconf 89' lang='lat' dir='ltr'>nunc</span> <span class='ocrx_word' id='word_1_215' title='bbox 2369 3119 2581 3186; x_wconf 83' lang='lat' dir='ltr'>editae</span> <span class='ocrx_word' id='word_1_216' title='bbox 2630 3124 2783 3185; x_wconf 87' lang='lat' dir='ltr'>sunt</span> 
     </span>
     <span class='ocr_line' id='line_1_24' title="bbox 319 3238 2780 3325; baseline 0 -22"><span class='ocrx_word' id='word_1_217' title='bbox 319 3238 394 3303; x_wconf 86' lang='lat' dir='ltr'>eo</span> <span class='ocrx_word' id='word_1_218' title='bbox 433 3239 663 3307; x_wconf 81' lang='lat' dir='ltr'>ordine</span> <span class='ocrx_word' id='word_1_219' title='bbox 707 3260 838 3325; x_wconf 90' lang='lat' dir='ltr'>quo</span> <span class='ocrx_word' id='word_1_220' title='bbox 879 3239 963 3305; x_wconf 89' lang='lat' dir='ltr'>ad</span> <span class='ocrx_word' id='word_1_221' title='bbox 997 3238 1293 3304; x_wconf 80' lang='lat' dir='ltr'>Atticum</span> <span class='ocrx_word' id='word_1_222' title='bbox 1332 3244 1767 3323; x_wconf 87' lang='lat' dir='ltr'>pervenerunt</span> <span class='ocrx_word' id='word_1_223' title='bbox 1805 3241 1927 3324; x_wconf 72' lang='lat'>1⁴³0)</span> <span class='ocrx_word' id='word_1_224' title='bbox 1948 3286 1968 3316; x_wconf 93' lang='lat'><em>,</em></span> <span class='ocrx_word' id='word_1_225' title='bbox 1997 3260 2133 3305; x_wconf 90' lang='lat' dir='ltr'>non</span> <span class='ocrx_word' id='word_1_226' title='bbox 2172 3262 2301 3324; x_wconf 92' lang='lat' dir='ltr'>quo</span> <span class='ocrx_word' id='word_1_227' title='bbox 2331 3239 2558 3305; x_wconf 88' lang='lat' dir='ltr'>ordine</span> <span class='ocrx_word' id='word_1_228' title='bbox 2592 3238 2780 3304; x_wconf 87' lang='lat' dir='ltr'>datae</span> 
     </span>
     <span class='ocr_line' id='line_1_25' title="bbox 313 3335 2779 3445; baseline 0 -23"><span class='ocrx_word' id='word_1_229' title='bbox 313 3364 502 3437; x_wconf 88' lang='lat' dir='ltr'>sunt,</span> <span class='ocrx_word' id='word_1_230' title='bbox 565 3359 902 3445; x_wconf 86' lang='lat' dir='ltr'>multaque</span> <span class='ocrx_word' id='word_1_231' title='bbox 961 3358 1215 3443; x_wconf 87' lang='lat' dir='ltr'>corpori</span> <span class='ocrx_word' id='word_1_232' title='bbox 1264 3358 1324 3423; x_wconf 90' lang='lat' dir='ltr'>ei</span> <span class='ocrx_word' id='word_1_233' title='bbox 1370 3358 1631 3435; x_wconf 88' lang='lat' dir='ltr'>insunt,</span> <span class='ocrx_word' id='word_1_234' title='bbox 1689 3380 1855 3442; x_wconf 88' lang='lat' dir='ltr'>quae</span> <span class='ocrx_word' id='word_1_235' title='bbox 1914 3381 1953 3422; x_wconf 88' lang='lat' dir='ltr'>a</span> <span class='ocrx_word' id='word_1_236' title='bbox 2004 3335 2281 3437; x_wconf 83' lang='lat' dir='ltr'>Tirone,</span> <span class='ocrx_word' id='word_1_237' title='bbox 2326 3360 2380 3423; x_wconf 90' lang='lat' dir='ltr'>si</span> <span class='ocrx_word' id='word_1_238' title='bbox 2432 3365 2779 3443; x_wconf 88' lang='lat' dir='ltr'>patronum</span> 
     </span>
     <span class='ocr_line' id='line_1_26' title="bbox 315 3477 2663 3563; baseline -0 -22"><span class='ocrx_word' id='word_1_239' title='bbox 315 3477 620 3545; x_wconf 88' lang='lat' dir='ltr'>honorari</span> <span class='ocrx_word' id='word_1_240' title='bbox 671 3478 1016 3556; x_wconf 83' lang='lat' dir='ltr'>voluisset,</span> <span class='ocrx_word' id='word_1_241' title='bbox 1077 3484 1252 3545; x_wconf 87' lang='lat' dir='ltr'>certe</span> <span class='ocrx_word' id='word_1_242' title='bbox 1296 3499 1658 3562; x_wconf 88' lang='lat' dir='ltr'>numquam</span> <span class='ocrx_word' id='word_1_243' title='bbox 1698 3477 1771 3541; x_wconf 88' lang='lat' dir='ltr'>in</span> <span class='ocrx_word' id='word_1_244' title='bbox 1812 3478 2028 3545; x_wconf 87' lang='lat' dir='ltr'>lucem</span> <span class='ocrx_word' id='word_1_245' title='bbox 2070 3478 2347 3545; x_wconf 84' lang='lat' dir='ltr'>fuissent</span> <span class='ocrx_word' id='word_1_246' title='bbox 2390 3478 2663 3563; x_wconf 87' lang='lat' dir='ltr'>prolata.</span> 
     </span>
    </p>

    <p class='ocr_par' dir='ltr' id='par_1_5' title="bbox 314 3595 2781 3921">
     <span class='ocr_line' id='line_1_27' title="bbox 400 3595 2781 3684; baseline -0.002 -19"><span class='ocrx_word' id='word_1_247' title='bbox 400 3600 570 3665; x_wconf 78' lang='lat' dir='ltr'>Quis</span> <span class='ocrx_word' id='word_1_248' title='bbox 637 3620 788 3665; x_wconf 83' lang='lat' dir='ltr'>vero</span> <span class='ocrx_word' id='word_1_249' title='bbox 852 3599 1266 3684; x_wconf 78' lang='lat' dir='ltr'>supposuerit</span> <span class='ocrx_word' id='word_1_250' title='bbox 1319 3598 1438 3663; x_wconf 87' lang='lat' dir='ltr'>has</span> <span class='ocrx_word' id='word_1_251' title='bbox 1487 3596 1813 3663; x_wconf 87' lang='lat' dir='ltr'>orationes</span> <span class='ocrx_word' id='word_1_252' title='bbox 1832 3645 1853 3673; x_wconf 90' lang='lat'>‚</span> <span class='ocrx_word' id='word_1_253' title='bbox 1906 3618 2042 3663; x_wconf 88' lang='lat' dir='ltr'>non</span> <span class='ocrx_word' id='word_1_254' title='bbox 2085 3597 2277 3663; x_wconf 85' lang='lat' dir='ltr'>facile</span> <span class='ocrx_word' id='word_1_255' title='bbox 2324 3595 2409 3661; x_wconf 82' lang='lat' dir='ltr'>ad</span> <span class='ocrx_word' id='word_1_256' title='bbox 2457 3596 2781 3682; x_wconf 88' lang='lat' dir='ltr'>liquidum</span> 
     </span>
     <span class='ocr_line' id='line_1_28' title="bbox 317 3713 2778 3809; baseline -0.002 -24"><span class='ocrx_word' id='word_1_257' title='bbox 317 3719 719 3805; x_wconf 88' lang='lat' dir='ltr'>perducetur.</span> <span class='ocrx_word' id='word_1_258' title='bbox 810 3716 1251 3802; x_wconf 84' lang='lat' dir='ltr'>Epistolarum</span> <span class='ocrx_word' id='word_1_259' title='bbox 1295 3716 1378 3782; x_wconf 88' lang='lat' dir='ltr'>ad</span> <span class='ocrx_word' id='word_1_260' title='bbox 1422 3716 1721 3787; x_wconf 89' lang='lat' dir='ltr'>Atticum</span> <span class='ocrx_word' id='word_1_261' title='bbox 1762 3715 1963 3781; x_wconf 89' lang='lat' dir='ltr'>libros</span> <span class='ocrx_word' id='word_1_262' title='bbox 2009 3715 2178 3781; x_wconf 90' lang='lat' dir='ltr'>XVI</span> <span class='ocrx_word' id='word_1_263' title='bbox 2218 3726 2238 3764; x_wconf 91' lang='lat'>1</span> <span class='ocrx_word' id='word_1_264' title='bbox 2252 3714 2339 3809; x_wconf 65' lang='grc' dir='ltr'>Μ)</span> <span class='ocrx_word' id='word_1_265' title='bbox 2388 3713 2597 3780; x_wconf 90' lang='lat' dir='ltr'>editos</span> <span class='ocrx_word' id='word_1_266' title='bbox 2639 3734 2778 3780; x_wconf 89' lang='lat' dir='ltr'>esse</span> 
     </span>
     <span class='ocr_line' id='line_1_29' title="bbox 314 3831 2780 3921; baseline -0.004 -16"><span class='ocrx_word' id='word_1_267' title='bbox 314 3837 688 3920; x_wconf 88' lang='lat' dir='ltr'>testimonio</span> <span class='ocrx_word' id='word_1_268' title='bbox 729 3837 1090 3903; x_wconf 88' lang='lat' dir='ltr'>certissimo</span> <span class='ocrx_word' id='word_1_269' title='bbox 1133 3836 1411 3921; x_wconf 86' lang='lat' dir='ltr'>Nepotis</span> <span class='ocrx_word' id='word_1_270' title='bbox 1454 3841 1716 3900; x_wconf 88' lang='lat' dir='ltr'>constat</span> <span class='ocrx_word' id='word_1_271' title='bbox 1766 3838 1887 3919; x_wconf 58' lang='lat'>¹4⁵)</span> <span class='ocrx_word' id='word_1_272' title='bbox 1908 3882 1926 3911; x_wconf 91' lang='lat'>‚</span> <span class='ocrx_word' id='word_1_273' title='bbox 1974 3834 2087 3919; x_wconf 90' lang='lat' dir='ltr'>qui</span> <span class='ocrx_word' id='word_1_274' title='bbox 2131 3834 2201 3897; x_wconf 91' lang='lat' dir='ltr'>in</span> <span class='ocrx_word' id='word_1_275' title='bbox 2242 3834 2409 3899; x_wconf 91' lang='lat' dir='ltr'>libro</span> <span class='ocrx_word' id='word_1_276' title='bbox 2451 3832 2533 3899; x_wconf 89' lang='lat' dir='ltr'>de</span> <span class='ocrx_word' id='word_1_277' title='bbox 2573 3831 2780 3899; x_wconf 83' lang='lat' dir='ltr'>Attici</span> 
     </span>
    </p>
   </div>
   <div class='ocr_carea' id='block_1_3' title="bbox 303 3962 800 3977">
    <p class='ocr_par' dir='ltr' id='par_1_6' title="bbox 303 3962 800 3977">
     <span class='ocr_line' id='line_1_30' title="bbox 303 3962 800 3977; baseline 0 1523"><span class='ocrx_word' id='word_1_278' title='bbox 303 3962 800 3977; x_wconf 95' lang='lat' dir='ltr'> </span> 
     </span>
    </p>
   </div>
   <div class='ocr_carea' id='block_1_4' title="bbox 371 4017 2785 4509">
    <p class='ocr_par' dir='ltr' id='par_1_7' title="bbox 372 4017 1328 4087">
     <span class='ocr_line' id='line_1_31' title="bbox 372 4017 1328 4087; baseline -0.004 -16"><span class='ocrx_word' id='word_1_279' title='bbox 372 4018 456 4087; x_wconf 75' lang='lat'>1⁵⁹)</span> <span class='ocrx_word' id='word_1_280' title='bbox 490 4019 594 4071; x_wconf 75' lang='lat' dir='ltr'>cic.</span> <span class='ocrx_word' id='word_1_281' title='bbox 629 4020 695 4071; x_wconf 73' lang='lat' dir='ltr'>ad</span> <span class='ocrx_word' id='word_1_282' title='bbox 726 4020 873 4071; x_wconf 71' lang='lat' dir='ltr'>Fam.</span> <span class='ocrx_word' id='word_1_283' title='bbox 911 4018 1066 4070; x_wconf 87' lang='lat' dir='ltr'>xv1.</span> <span class='ocrx_word' id='word_1_284' title='bbox 1108 4017 1246 4083; x_wconf 60' lang='grc' dir='ltr'>ης</span> <span class='ocrx_word' id='word_1_285' title='bbox 1285 4022 1328 4067; x_wconf 89' lang='lat'>1.</span> 
     </span>
    </p>

    <p class='ocr_par' dir='ltr' id='par_1_8' title="bbox 371 4102 1271 4169">
     <span class='ocr_line' id='line_1_32' title="bbox 371 4102 1271 4169; baseline -0.004 -12"><span class='ocrx_word' id='word_1_286' title='bbox 371 4102 454 4169; x_wconf 74' lang='lat'><strong>1⁴⁰)</strong></span> <span class='ocrx_word' id='word_1_287' title='bbox 489 4105 598 4157; x_wconf 78' lang='lat' dir='ltr'>cic.</span> <span class='ocrx_word' id='word_1_288' title='bbox 631 4105 697 4156; x_wconf 70' lang='lat' dir='ltr'>aa</span> <span class='ocrx_word' id='word_1_289' title='bbox 731 4105 842 4156; x_wconf 67' lang='lat' dir='ltr'>Aa.</span> <span class='ocrx_word' id='word_1_290' title='bbox 879 4104 1037 4155; x_wconf 86' lang='lat' dir='ltr'>xm.</span> <span class='ocrx_word' id='word_1_291' title='bbox 1075 4108 1125 4155; x_wconf 74' lang='lat' dir='ltr'>s.</span> <span class='ocrx_word' id='word_1_292' title='bbox 1161 4103 1188 4168; x_wconf 64' lang='grc' dir='ltr'><strong>ς</strong></span> <span class='ocrx_word' id='word_1_293' title='bbox 1221 4108 1271 4153; x_wconf 81' lang='lat' dir='ltr'>s.</span> 
     </span>
    </p>

    <p class='ocr_par' dir='ltr' id='par_1_9' title="bbox 372 4186 1520 4255">
     <span class='ocr_line' id='line_1_33' title="bbox 372 4186 1520 4255; baseline -0.003 -14"><span class='ocrx_word' id='word_1_294' title='bbox 372 4186 456 4255; x_wconf 79' lang='lat'>¹⁴¹)</span> <span class='ocrx_word' id='word_1_295' title='bbox 491 4190 628 4241; x_wconf 87' lang='lat' dir='ltr'>Vide</span> <span class='ocrx_word' id='word_1_296' title='bbox 659 4190 1127 4253; x_wconf 78' lang='lat' dir='ltr'>d&#39;Engelbronner,</span> <span class='ocrx_word' id='word_1_297' title='bbox 1161 4202 1242 4253; x_wconf 89' lang='lat' dir='ltr'>op.</span> <span class='ocrx_word' id='word_1_298' title='bbox 1277 4188 1314 4239; x_wconf 90' lang='lat' dir='ltr'>l.</span> <span class='ocrx_word' id='word_1_299' title='bbox 1350 4202 1399 4252; x_wconf 88' lang='lat' dir='ltr'>p.</span> <span class='ocrx_word' id='word_1_300' title='bbox 1436 4192 1520 4239; x_wconf 74' lang='lat'>39.</span> 
     </span>
    </p>

    <p class='ocr_par' dir='ltr' id='par_1_10' title="bbox 372 4270 1793 4343">
     <span class='ocr_line' id='line_1_34' title="bbox 372 4270 1793 4343; baseline -0.004 -17"><span class='ocrx_word' id='word_1_301' title='bbox 372 4270 456 4343; x_wconf 79' lang='lat'>¹⁴²)</span> <span class='ocrx_word' id='word_1_302' title='bbox 489 4274 764 4326; x_wconf 78' lang='lat' dir='ltr'>Frontonis</span> <span class='ocrx_word' id='word_1_303' title='bbox 797 4274 891 4338; x_wconf 78' lang='lat' dir='ltr'>Ep.</span> <span class='ocrx_word' id='word_1_304' title='bbox 928 4273 974 4323; x_wconf 91' lang='lat'>1.</span> <span class='ocrx_word' id='word_1_305' title='bbox 1008 4276 1057 4323; x_wconf 82' lang='lat'>6.</span> <span class='ocrx_word' id='word_1_306' title='bbox 1092 4288 1143 4337; x_wconf 88' lang='lat' dir='ltr'>p.</span> <span class='ocrx_word' id='word_1_307' title='bbox 1181 4277 1259 4323; x_wconf 84' lang='lat'>1⁵.</span> <span class='ocrx_word' id='word_1_308' title='bbox 1295 4274 1374 4323; x_wconf 87' lang='lat' dir='ltr'>ed.</span> <span class='ocrx_word' id='word_1_309' title='bbox 1409 4272 1602 4323; x_wconf 83' lang='lat' dir='ltr'>Romae</span> <span class='ocrx_word' id='word_1_310' title='bbox 1643 4274 1793 4321; x_wconf 69' lang='lat'>1823.</span> 
     </span>
    </p>

    <p class='ocr_par' dir='ltr' id='par_1_11' title="bbox 372 4353 2333 4425">
     <span class='ocr_line' id='line_1_35' title="bbox 372 4353 2333 4425; baseline -0.004 -16"><span class='ocrx_word' id='word_1_311' title='bbox 372 4356 456 4425; x_wconf 73' lang='lat'>¹⁴⁵)</span> <span class='ocrx_word' id='word_1_312' title='bbox 497 4360 634 4410; x_wconf 88' lang='lat' dir='ltr'>Vide</span> <span class='ocrx_word' id='word_1_313' title='bbox 669 4358 817 4409; x_wconf 83' lang='lat' dir='ltr'>huius</span> <span class='ocrx_word' id='word_1_314' title='bbox 845 4357 1182 4421; x_wconf 79' lang='lat' dir='ltr'>dispositionis</span> <span class='ocrx_word' id='word_1_315' title='bbox 1214 4356 1450 4421; x_wconf 79' lang='lat' dir='ltr'>exempla</span> <span class='ocrx_word' id='word_1_316' title='bbox 1482 4356 1617 4421; x_wconf 86' lang='lat' dir='ltr'>apud</span> <span class='ocrx_word' id='word_1_317' title='bbox 1649 4353 1975 4405; x_wconf 83' lang='lat' dir='ltr'>Tunstallum</span> <span class='ocrx_word' id='word_1_318' title='bbox 2009 4369 2058 4418; x_wconf 90' lang='lat' dir='ltr'>p.</span> <span class='ocrx_word' id='word_1_319' title='bbox 2102 4358 2161 4403; x_wconf 82' lang='lat'>13</span> <span class='ocrx_word' id='word_1_320' title='bbox 2197 4366 2333 4417; x_wconf 83' lang='lat' dir='ltr'>seqq.</span> 
     </span>
    </p>

    <p class='ocr_par' dir='ltr' id='par_1_12' title="bbox 372 4432 2785 4509">
     <span class='ocr_line' id='line_1_36' title="bbox 372 4432 2785 4509; baseline -0.005 -15"><span class='ocrx_word' id='word_1_321' title='bbox 372 4438 455 4509; x_wconf 73' lang='lat'>¹⁴⁴)</span> <span class='ocrx_word' id='word_1_322' title='bbox 489 4443 705 4507; x_wconf 80' lang='lat' dir='ltr'>Scripsi:</span> <span class='ocrx_word' id='word_1_323' title='bbox 747 4440 885 4492; x_wconf 87' lang='lat' dir='ltr'>XVI</span> <span class='ocrx_word' id='word_1_324' title='bbox 926 4440 1108 4501; x_wconf 87' lang='lat' dir='ltr'>libros,</span> <span class='ocrx_word' id='word_1_325' title='bbox 1151 4455 1310 4505; x_wconf 83' lang='lat' dir='ltr'>quum</span> <span class='ocrx_word' id='word_1_326' title='bbox 1359 4440 1557 4491; x_wconf 78' lang='lat' dir='ltr'>nullam</span> <span class='ocrx_word' id='word_1_327' title='bbox 1596 4439 1824 4489; x_wconf 79' lang='lat' dir='ltr'>viderem</span> <span class='ocrx_word' id='word_1_328' title='bbox 1851 4451 2054 4487; x_wconf 78' lang='lat' dir='ltr'>causam</span> <span class='ocrx_word' id='word_1_329' title='bbox 2090 4432 2556 4487; x_wconf 80' lang='lat' dir='ltr'>emendatinnculae</span> <span class='ocrx_word' id='word_1_330' title='bbox 2583 4432 2756 4484; x_wconf 83' lang='lat' dir='ltr'>Bothii</span> <span class='ocrx_word' id='word_1_331' title='bbox 2769 4470 2785 4494; x_wconf 87' lang='lat'><em>,</em></span> 
     </span>
    </p>
   </div>
   <div class='ocr_carea' id='block_1_5' title="bbox 305 4520 2785 4762">
    <p class='ocr_par' dir='ltr' id='par_1_13' title="bbox 305 4520 2785 4762">
     <span class='ocr_line' id='line_1_37' title="bbox 305 4520 2785 4589; baseline -0.003 -14"><span class='ocrx_word' id='word_1_332' title='bbox 305 4526 393 4589; x_wconf 86' lang='lat' dir='ltr'>qui</span> <span class='ocrx_word' id='word_1_333' title='bbox 425 4527 608 4578; x_wconf 72' lang='lat' dir='ltr'>ediditz</span> <span class='ocrx_word' id='word_1_334' title='bbox 646 4548 670 4570; x_wconf 78' lang='lat' dir='ltr'><em>n</em></span> <span class='ocrx_word' id='word_1_335' title='bbox 685 4523 768 4576; x_wconf 89' lang='lat' dir='ltr'>XI</span> <span class='ocrx_word' id='word_1_336' title='bbox 802 4525 1064 4575; x_wconf 80' lang='lat' dir='ltr'>volumina</span> <span class='ocrx_word' id='word_1_337' title='bbox 1097 4524 1418 4588; x_wconf 83' lang='lat' dir='ltr'>epistolarum</span> <span class='ocrx_word' id='word_1_338' title='bbox 1451 4524 1516 4575; x_wconf 83' lang='lat' dir='ltr'>ab</span> <span class='ocrx_word' id='word_1_339' title='bbox 1549 4520 1811 4573; x_wconf 82' lang='lat' dir='ltr'>consulatu</span> <span class='ocrx_word' id='word_1_340' title='bbox 1841 4520 1945 4572; x_wconf 86' lang='lat' dir='ltr'>eius</span> <span class='ocrx_word' id='word_1_341' title='bbox 1979 4534 2135 4586; x_wconf 82' lang='lat' dir='ltr'>usque</span> <span class='ocrx_word' id='word_1_342' title='bbox 2171 4520 2236 4573; x_wconf 76' lang='lat' dir='ltr'>ad</span> <span class='ocrx_word' id='word_1_343' title='bbox 2270 4523 2556 4575; x_wconf 76' lang='lat' dir='ltr'>extremum</span> <span class='ocrx_word' id='word_1_344' title='bbox 2588 4523 2785 4582; x_wconf 80' lang='lat' dir='ltr'>tempus</span> 
     </span>
     <span class='ocr_line' id='line_1_38' title="bbox 307 4606 1777 4671; baseline -0.004 -12"><span class='ocrx_word' id='word_1_345' title='bbox 307 4610 372 4659; x_wconf 81' lang='lat' dir='ltr'>ad</span> <span class='ocrx_word' id='word_1_346' title='bbox 405 4610 634 4661; x_wconf 81' lang='lat' dir='ltr'>Atticum</span> <span class='ocrx_word' id='word_1_347' title='bbox 667 4609 967 4660; x_wconf 79' lang='lat' dir='ltr'>missarum”</span> <span class='ocrx_word' id='word_1_348' title='bbox 1002 4608 1058 4658; x_wconf 91' lang='lat' dir='ltr'>in</span> <span class='ocrx_word' id='word_1_349' title='bbox 1094 4608 1171 4659; x_wconf 84' lang='lat' dir='ltr'>ed.</span> <span class='ocrx_word' id='word_1_350' title='bbox 1201 4606 1353 4660; x_wconf 87' lang='lat' dir='ltr'>Aem.</span> <span class='ocrx_word' id='word_1_351' title='bbox 1389 4607 1545 4660; x_wconf 89' lang='lat' dir='ltr'>Probi</span> <span class='ocrx_word' id='word_1_352' title='bbox 1572 4621 1620 4671; x_wconf 88' lang='lat' dir='ltr'>p.</span> <span class='ocrx_word' id='word_1_353' title='bbox 1664 4607 1777 4654; x_wconf 82' lang='grc'><strong>165.</strong></span> 
     </span>
     <span class='ocr_line' id='line_1_39' title="bbox 375 4691 1093 4762; baseline -0.007 -14"><span class='ocrx_word' id='word_1_354' title='bbox 375 4691 456 4762; x_wconf 78' lang='lat'><strong>1⁴⁵)</strong></span> <span class='ocrx_word' id='word_1_355' title='bbox 491 4695 676 4762; x_wconf 80' lang='lat' dir='ltr'>Nepos.</span> <span class='ocrx_word' id='word_1_356' title='bbox 713 4692 824 4746; x_wconf 81' lang='lat' dir='ltr'>Att.</span> <span class='ocrx_word' id='word_1_357' title='bbox 867 4696 946 4743; x_wconf 85' lang='lat'>16.</span> <span class='ocrx_word' id='word_1_358' title='bbox 981 4692 1008 4758; x_wconf 64' lang='grc' dir='ltr'><strong>ς</strong></span> <span class='ocrx_word' id='word_1_359' title='bbox 1043 4697 1093 4743; x_wconf 86' lang='lat'>2.</span> 
     </span>
    </p>
   </div>
  </div>
 </body>
</html>
