3375 5500
2583 437 2697 478 xlx

211 623 498 703 editam,
542 624 847 692 obiicitur
893 626 1192 696 Ciceroni
1229 625 1524 692 universe
1553 645 1592 689 a
1621 625 1706 690 Q.
1736 622 1983 689 Caleno
2012 620 2185 707 apud
2220 620 2499 686 Dionem
2532 620 2654 709 ¹⁰4)
2674 671 2693 698 ,

210 743 334 828 qui
393 743 673 810 affirmat
715 746 967 811 nullam
1017 767 1167 811 eum
1221 744 1458 810 dixisse
1505 742 1987 810 admirabilium
2033 761 2255 808 earum
2292 742 2693 819 orationum,

209 883 382 946 quas
428 883 664 948 nempe
706 885 932 932 omnes
977 872 1206 950 postea
1251 864 1647 950 conscripsit.

301 982 642 1048 Orationis
695 989 916 1051 autem
961 991 1222 1050 nostrae
1264 985 1335 1049 in
1389 987 1638 1051 Senatu
1684 982 1948 1048 habitae
1992 980 2240 1046 mentio
2288 980 2365 1044 fit
2419 980 2493 1044 in
2548 979 2694 1044 loco

206 1101 533 1186 epistolae
559 1103 900 1170 cuiusdam
935 1104 1020 1170 ad
1046 1105 1366 1184 Atticum,
1395 1127 1481 1172 ne
1505 1104 1670 1190 quid
1697 1103 1952 1189 gravius
1980 1101 2214 1179 dicam,
2242 1097 2481 1165 dubiae
2506 1098 2695 1163 fidei:

206 1243 386 1305 quae
429 1221 704 1306 epistola
743 1223 897 1289 data
937 1230 1042 1290 est
1081 1229 1230 1310 post
1277 1225 1430 1290 Kal.
1476 1225 1630 1289 Iun.
1683 1245 1745 1288 a.
1791 1245 1859 1288 ιι.
1906 1243 1963 1287 c.
1994 1223 2162 1299 694,
2207 1219 2277 1284 id
2314 1224 2415 1286 est
2441 1217 2697 1283 duobus

207 1340 408 1406 annis
477 1347 546 1408 et
604 1343 785 1427 quod
847 1343 1104 1410 excedit
1160 1350 1508 1430 postquam
1565 1343 1779 1410 oratio
1834 1342 2061 1407 habita
2112 1346 2229 1406 est.
2326 1341 2443 1404 Sat
2494 1338 2698 1422 igitur

205 1461 528 1545 tempori-s
593 1467 662 1527 et
727 1463 847 1528 otii
891 1463 1122 1530 Cicero
1168 1464 1402 1530 habuit
1447 1471 1526 1529 ut
1574 1485 1718 1530 eam
1731 1511 1753 1542 ,
1806 1459 2359 1547 quemadmodum
2408 1458 2659 1524 solebat
2677 1506 2698 1535 ,

208 1600 379 1665 pure
409 1587 476 1646 et
503 1580 789 1648 dilucide
814 1583 1270 1660 conscriberet,
1297 1583 1710 1668 perspiceret,
1738 1583 2108 1665 corrigeret,
2130 1587 2209 1646 ut
2235 1586 2379 1644 tum
2411 1579 2695 1662 denique

207 1699 539 1766 ederetur.
605 1701 1076 1789 Exceptionem
1105 1702 1342 1785 igitur,
1377 1723 1577 1785 quam
1617 1702 1946 1767 obiectum
1974 1681 2059 1763 iri
2083 1697 2277 1763 video
2294 1746 2315 1774 ‚
2344 1719 2419 1762 ac
2444 1699 2503 1762 si
2531 1698 2692 1762 haec

206 1818 432 1885 oratio
445 1866 468 1897 ,
497 1841 704 1904 quum
725 1841 804 1886 ex
833 1827 1125 1905 tempore
1168 1820 1341 1885 dicta
1373 1819 1572 1897 esset,
1602 1841 1741 1885 non
1768 1824 1905 1884 tam
1942 1822 2241 1884 accurate
2264 1815 2504 1900 scripta
2530 1822 2703 1881 esset

205 1959 418 2020 quam
507 1943 760 2004 ceterae
831 1939 1036 2003 Tullii
1115 1938 1440 2004 orationes
1459 1986 1482 2015 ‚
1541 1960 1678 2003 non
1735 1937 1981 2023 accipio
1999 1984 2021 2015 ,
2088 1937 2292 2000 immo
2346 1935 2402 2000 si
2480 1955 2703 2000 revera

209 2079 268 2122 a.
321 2079 394 2122 u.
442 2076 500 2122 c.
548 2057 684 2122 694
725 2057 810 2121 ad
846 2057 1144 2122 Atticum
1187 2057 1384 2122 missa
1429 2062 1531 2122 est
1563 2063 1631 2122 et
1662 2057 1867 2140 igitur
1900 2055 2079 2121 edita
2094 2103 2117 2134 ,
2166 2075 2375 2140 paene
2416 2053 2703 2120 triennio

209 2180 566 2258 postquam
607 2174 832 2241 habita
889 2184 988 2243 est
1006 2225 1026 2254 ‚
1082 2177 1154 2241 in
1217 2197 1294 2242 ea
1335 2177 1650 2244 maiorem
1694 2177 1896 2243 etiam
1934 2176 2444 2242 concinnitatem
2482 2172 2705 2257 purio-

215 2313 492 2378 remque
557 2293 911 2360 dictionem
981 2297 1125 2362 iure
1188 2295 1470 2381 postulo.
1560 2297 1663 2362 Eo
1721 2297 1898 2362 enim
1946 2301 2240 2380 tempore
2292 2291 2537 2357 invidia
2592 2291 2707 2356 illa

215 2414 354 2477 iam
392 2413 707 2496 flagrabat
750 2413 823 2477 in
861 2416 1272 2480 consularem
1289 2463 1311 2493 ‚
1357 2418 1513 2499 (qua
1544 2435 1793 2480 annum
1831 2437 1899 2479 u.
1926 2436 1981 2480 c.
2022 2416 2157 2478 692
2173 2460 2195 2491 ‚
2240 2434 2376 2478 non
2424 2409 2709 2476 caruisse

216 2531 412 2596 testis
458 2538 560 2598 est
597 2534 812 2599 oratio
855 2553 976 2619 pro
1021 2531 1268 2622 Sylla),
1311 2555 1527 2618 neque
1569 2561 1604 2594 tt
1621 2534 1877 2619 parenti
1904 2533 2197 2619 patriae”
2242 2551 2503 2606 omnes,
2540 2529 2709 2593 deut

222 2651 372 2735 ipse
423 2650 494 2714 in
549 2652 718 2718 votis
766 2652 1048 2720 habebat
1064 2700 1086 2732 ,
1143 2653 1482 2734 favebant3
1534 2654 1741 2719 immo
1788 2652 2273 2718 inimicissimus
2326 2649 2527 2713 Tullii
2576 2647 2711 2712 iam

225 2770 422 2854 plane
481 2770 631 2837 trib.
685 2772 774 2857 pl.
833 2774 976 2839 fieri
1037 2774 1342 2859 cupiebat
1381 2778 1506 2859 ¹⁰⁸)
1527 2821 1549 2851 ,
1593 2795 1718 2840 nec
1764 2794 2161 2859 quemquam
2207 2770 2405 2836 latuit
2448 2791 2579 2855 qua
2626 2766 2709 2833 de

226 2910 427 2955 causa
471 2890 743 2957 Clodius
787 2892 954 2957 illud
999 2899 1346 2979 expeteret.

315 3008 586 3075 Solebat
649 3010 880 3077 Cicero
953 3032 1068 3078 ore
1128 3012 1336 3077 libero
1388 3009 1664 3077 aliorum
1682 3058 1706 3088 ‚
1765 3011 1826 3075 si
1892 3009 2072 3094 quod
2116 3008 2471 3074 invenisset
2488 3054 2508 3083 ‚
2554 3006 2716 3070 vitia.

228 3127 605 3212 saepissime
630 3130 1101 3215 reprehendere
1121 3135 1189 3199 et
1207 3150 1470 3215 carpere
1496 3128 1646 3218 ¹⁰⁸),
1673 3150 1882 3214 quum
1899 3128 2062 3215 ipse,
2088 3134 2165 3194 ut
2180 3126 2521 3193 constabat
2538 3124 2714 3210 apud

289 3294 373 3363 ¹⁰⁴)
407 3297 509 3348 Dio
544 3297 684 3350 Cass.
721 3252 925 3354 xm'ri.
966 3305 1013 3355 ⁷.
2121 3259 2129 3268 ο

287 3380 372 3450 ¹⁰⁵)
409 3382 515 3435 cic.
551 3385 617 3435 aa
651 3385 764 3437 Aa.
800 3386 875 3437 11.
917 3392 962 3437 1.
997 3387 1026 3453 ς
1061 3390 1123 3447 5,
1163 3388 1211 3437 7.

288 3465 371 3535 ¹⁰⁶)
408 3468 782 3531 Quinctilianus
814 3473 972 3523 VIII.
1012 3478 1062 3523 2.
1090 3472 1117 3538 ᾗ
1147 3477 1196 3523 4.
1228 3477 1475 3523 memorat
1500 3468 1909 3523 emendationem
1938 3466 2197 3519 Cleon-onis
2225 3467 2281 3517 in
2310 3464 2539 3515 oratione
2574 3461 2724 3515 Dola-

229 3551 391 3605 bellae
427 3567 460 3602 a
501 3567 556 3602 se
593 3562 910 3608 annotatam:
959 3556 1094 3607 idem
1127 3556 1286 3608 VIII.
1321 3560 1372 3604 3.
1407 3555 1433 3619 5
1468 3559 1553 3603 54.
1589 3554 1749 3605 Hirtii
1782 3554 1964 3603 vitium
1997 3567 2031 3601 a
2063 3551 2307 3603 Cicerone
2341 3556 2619 3599 correctum
2654 3548 2727 3597 in-

224 3636 377 3696 dicat;
413 3650 572 3700 quum
606 3638 747 3687 enim
783 3637 984 3687 Hirtius
1013 3639 1066 3689 in
1101 3638 1324 3688 Pansam
1359 3638 1648 3688 declamans
1687 3659 1713 3681 u
1727 3637 1889 3687 filium
1920 3650 1953 3685 a
1979 3642 2141 3685 matre
2174 3636 2348 3685 decem
2382 3634 2637 3683 mensibus
2670 3633 2725 3683 in

226 3726 364 3771 utero
405 3720 568 3771 latum
610 3735 720 3771 esse
763 3722 976 3773 dixisset
988 3725 1039 3783 ,''
1089 3722 1212 3787 qaid
1225 3722 1250 3771 ἲ
1297 3722 1455 3782 aliae,
1485 3724 1683 3787 inquit,
1731 3722 1785 3771 in
1820 3719 2039 3784 paenula
2078 3719 2245 3769 solent
2276 3717 2405 3768 ferre
2418 3717 2443 3765 ’ἱ
2512 3716 2727 3781 Saepius

226 3804 426 3869 corrigit
461 3804 694 3857 Atticum
729 3806 784 3855 in
819 3805 1064 3870 Epistolis
1076 3843 1092 3867 ,
1123 3818 1287 3871 neque
1321 3805 1553 3855 Antonio
1587 3818 1790 3869 parcere
1824 3802 1983 3867 potuit
2016 3801 2071 3851 in
2104 3801 2409 3864 Philippicis.
2446 3800 2567 3851 Vid.
2598 3816 2648 3850 v.
2680 3816 2727 3851 c.

227 3886 324 3937 ΠΙ.
363 3890 412 3936 8.
449 3886 477 3951 §
517 3892 588 3937 19-
615 3902 752 3953 seqq.
789 3888 948 3939 XIII.
991 3893 1072 3939 lo.
1106 3888 1132 3953 ᾗ
1169 3892 1234 3937 22
1272 3902 1380 3954 sqq.
1424 3892 1502 3938 15.
1538 3887 1660 3952 §80
1678 3902 1789 3953 sqq.
1821 3900 1888 3937 ex
1916 3883 2098 3951 quibus
2126 3899 2285 3934 unum
2313 3884 2624 3945 adscribam,
2657 3899 2729 3935 ex

225 3984 322 4034 quo
353 3978 594 4036 appareat
627 3972 886 4022 Romanos
920 3972 1190 4023 nobiliores
1223 3985 1288 4021 eo
1319 3979 1544 4037 tempore
1579 3974 1683 4023 iam
1722 3971 2009 4036 neglexisse
2043 3970 2179 4035 quod
2212 3970 2357 4034 pueri
2390 3969 2521 4019 docti
2554 3983 2727 4019 sumus

228 4066 416 4105 ornnes-
483 4054 694 4121 Scripsit
720 4056 860 4105 enim
887 4055 1148 4106 Antonius
1176 4054 1318 4107 Orat.
1342 4055 1378 4105 1.
1399 4056 1426 4122 §
1445 4062 1508 4109 43
1524 4080 1538 4109 2
1579 4082 1602 4103 n
1618 4074 1714 4109 nec
1740 4057 1925 4123 Lepidi
1952 4055 2241 4107 societatem
2268 4054 2459 4105 violare
2472 4093 2487 4115 ‚
2510 4053 2727 4119 piissimi

229 4136 478 4189 hominis”
511 4139 574 4189 de
602 4140 784 4204 quibus
812 4138 1013 4189 Cicero:
1053 4161 1078 4183 u
1093 4146 1148 4189 tu
1175 4153 1326 4202 porro
1360 4154 1425 4190 ne
1459 4144 1566 4206 pios
1599 4143 1805 4209 quidem
1842 4142 1932 4192 sed
1964 4141 2212 4206 piissimos
2238 4139 2440 4203 quaeris
2454 4176 2469 4198 ,
2505 4145 2557 4187 et
2590 4136 2727 4201 quod

230 4223 436 4273 verbum
483 4224 698 4274 omnino
741 4223 942 4273 nullum
988 4224 1042 4273 in
1087 4223 1267 4288 ling-ua
1311 4223 1470 4276 latina
1515 4234 1616 4288 cst,
1663 4228 1718 4277 id
1762 4234 1965 4291 propter
2011 4225 2239 4275 divinam
2285 4223 2521 4285 pietatem
2555 4228 2695 4269 tuam
2711 4258 2726 4277 ‚

233 4320 418 4357 novum
451 4308 698 4359 inducis?
752 4308 928 4371 Quum
957 4307 1082 4357 Tiro
1099 4308 1166 4359 ad
1179 4307 1478 4361 Ciceronem
1495 4312 1550 4361 in
1567 4311 1780 4375 epistola
1805 4309 2078 4373 scripsisset
2092 4307 2228 4373 quod
2256 4302 2728 4367 reprehendendum

233 4389 504 4451 videretur,
539 4392 612 4442 sic
646 4391 927 4455 rescripsit:
967 4414 990 4435 u
1006 4392 1097 4442 sed
1129 4392 1256 4442 heus
1290 4398 1347 4443 tu
1380 4420 1450 4429 —
1484 4396 1620 4450 unde
1654 4394 1781 4445 illud
1818 4401 1922 4445 tam
1956 4390 2157 4461 ἄκυρον
2196 4412 2218 4433 n
2234 4383 2493 4437 valetudini
2506 4383 2727 4446 fideliter

234 4470 575 4525 inserviendo?
641 4476 796 4526 Unde
841 4476 895 4526 in
943 4477 1097 4526 istum
1137 4476 1307 4527 locum
1355 4474 1560 4532 fideliter
1603 4478 1782 4529 venit?
1830 4478 1911 4527 cui
1952 4476 2104 4525 verbo
2150 4471 2458 4521 domicilium
2502 4477 2580 4519 est
2613 4484 2725 4533 pro·

238 4558 400 4618 prium
434 4561 488 4610 in
524 4561 712 4621 officio,
755 4562 1078 4625 migrationes
1113 4563 1167 4613 in
1203 4562 1429 4615 alienum
1477 4563 1684 4613 multae.
1753 4562 1890 4611 Nam
1924 4565 1977 4608 et
2008 4556 2235 4608 doctrina
2267 4561 2319 4605 ct
2351 4555 2530 4603 domus
2565 4559 2617 4601 et
2646 4567 2726 4603 ars

239 4647 285 4690 et
315 4658 435 4707 ager
469 4644 620 4693 etiam
646 4644 808 4695 fidelis
841 4646 939 4695 dici
965 4654 1128 4709 potest
1156 4652 1211 4697 ut
1245 4648 1336 4710 sit,
1371 4648 1623 4716 quomodo
1653 4645 2003 4711 Theophrasto
2031 4642 2221 4706 placet,
2259 4638 2543 4691 verecunda
2569 4647 2726 4687 traus-

239 4722 404 4777 latio?
474 4726 582 4780 Cic.
615 4728 680 4779 ad
713 4730 857 4783 Fam.
889 4730 1040 4785 XVI.
1085 4735 1162 4784 17.
1191 4730 1218 4795 §
1253 4735 1299 4785 1.

2214 4821 2313 4885 2*
