3375 5500
1782 458 1884 517 -50

610 664 775 762 plis,
843 689 884 736 a
930 661 1130 735 tectis
1187 661 1377 734 urbis
1435 687 1514 735 ac
1567 661 1929 735 moenibus
1950 718 1969 746 ,
2042 685 2083 732 a
2125 659 2263 733 vita
2322 656 2754 754 fortunisque
2812 657 3076 730 civium

613 790 927 864 omnium
973 791 1067 881 ⁷⁷)
1117 789 1378 863 arcebis
1399 849 1418 877 ‚
1489 798 1559 863 et
1625 788 1939 863 homines
2014 788 2351 861 bonorum
2424 784 2738 860 inimicos
2759 843 2778 872 ‚
2833 785 3075 859 hostes

614 919 873 1016 patriae
893 977 911 1006 ,
964 918 1261 992 latrones
1307 918 1548 992 Italiae
1564 977 1582 1006 ‚
1635 918 1969 992 scelerum
2013 916 2284 990 foedere
2324 917 2503 988 inter
2554 938 2627 988 se
2683 940 2763 987 ac
2810 903 3085 989 nefaria'

615 1045 937 1120 societate
1015 1046 1415 1120 coniunctos
1438 1105 1457 1134 ‚
1535 1045 1829 1120 aeternis
1916 1043 2268 1143 suppliciis
2352 1043 2538 1117 vivos
2624 1048 3079 1140 mortuosque

613 1174 968 1250 mactabis.

705 1331 769 1401 7⁷)
803 1334 1032 1386 omnium
1065 1336 1210 1386 omis.

611 1615 806 1696 Igitur
846 1632 987 1676 arae
1040 1617 1264 1694 templa
1320 1623 1464 1675 sunt
1517 1624 1758 1683 nostr03
1808 1614 1969 1693 quod
2010 1613 2209 1674 adhuc
2252 1614 2327 1674 ab
2385 1611 2663 1672 omnibus
2712 1611 3006 1672 edebatur
3050 1632 3093 1671 a

613 1711 876 1781 Halmio,
903 1719 1206 1773 mutatum
1233 1720 1420 1773 estut
1441 1711 1565 1771 aris
1586 1712 1896 1772 omitteret
1918 1712 2003 1772 ita
2026 1710 2188 1789 quod
2211 1711 2274 1770 in
2291 1708 2611 1769 Codicibus
2644 1708 2771 1768 fere
2806 1708 3097 1768 omnibus

613 1809 853 1889 legitur.
939 1805 1290 1888 Supersedit
1332 1817 1536 1869 tamen
1579 1808 1995 1868 demonstrare
2032 1826 2110 1868 an
2144 1816 2308 1867 recte
2345 1807 2431 1866 ita
2454 1804 2856 1884 coniungatur
2890 1804 3093 1864 adiec-

612 1905 806 1965 tivum
855 1905 1256 1986 possessivum
1304 1923 1442 1966 cum
1499 1904 1612 1963 abl.
1671 1903 1871 1964 ceteris
1924 1921 2033 1983 pro
2089 1907 2402 1962 ceterorum
2456 1898 2736 1968 Deorum,
2793 1899 2955 1978 quod
3004 1916 3095 1958 an

611 1999 858 2060 defendi
900 2002 1086 2078 possit
1116 1998 1509 2060 vehementer
1545 1999 1775 2060 dubito.
1856 2033 1939 2044 —-
1974 1998 2249 2059 scelerum
2283 1996 2509 2075 foedere
2540 1995 2693 2056 inter
2730 2013 2789 2055 se
2822 2011 2891 2054 ae
2919 1992 3093 2070 nefa-

610 2094 709 2153 ria
764 2095 1026 2154 societate
1081 2097 1421 2156 coniunctos.
1493 2093 1672 2155 Idem
1729 2095 1857 2155 fere
1902 2096 2021 2155 iam
2071 2095 2226 2155 dixit
2268 2095 2333 2155 in
2373 2093 2487 2153 hac
2528 2093 2656 2174 ipsa
2698 2092 2763 2173 §-
2866 2090 3094 2151 Viden-

612 2199 718 2252 tur
744 2189 974 2258 rhetori
1023 2189 1338 2252 obversata
1388 2210 1520 2252 csse
1561 2191 1747 2252 verba
1803 2210 1879 2251 ex
1928 2189 2231 2251 Ciceronis
2287 2188 2449 2250 Orat.
2500 2209 2555 2270 p.
2608 2187 2773 2268 Sylla
2808 2189 2861 2248 5.
2898 2186 2946 2266 S
2989 2187 3094 2246 16.

611 2318 693 2330 ——
733 2285 982 2347 aeternis
1029 2284 1330 2363 suppliciis
1381 2285 1532 2346 vivos
1583 2293 1943 2366 mortuosque
2005 2283 2300 2345 mactabis.
2399 2281 2485 2344 De
2542 2283 2727 2344 verbo
2780 2281 3097 2343 mactandi

613 2381 752 2442 vide
789 2381 838 2462 ἓ
883 2383 980 2442 29.
1035 2390 1308 2440 mortuos
1349 2399 1494 2442 vero
1543 2383 1851 2463 suppliciis
1898 2391 2194 2450 mactare,
2250 2379 2577 2441 absurdum
2620 2389 2739 2438 est:
2780 2378 2941 2438 inter
2984 2376 3097 2436 ab-

613 2476 796 2536 surda
837 2475 954 2538 hoc
993 2495 1118 2538 non
1159 2478 1442 2540 ultimum
1483 2479 1683 2540 locum
1720 2479 1955 2538 obtinet
1998 2478 2075 2539 de
2110 2476 2416 2556 suppliciis
2450 2485 2829 2537 mortuorum
2862 2491 3093 2534 sermo-

613 2592 754 2634 nem
810 2574 885 2636 ad
934 2573 1136 2637 Iovem
1191 2593 1347 2645 esse;
1403 2575 1688 2638 nimirum
1731 2575 1807 2635 de
1850 2592 2043 2654 poena
2078 2574 2237 2654 apud
2271 2573 2497 2633 inferos
2536 2572 2637 2635 hic
2694 2589 2891 2632 sermo
2954 2586 3093 2630 esse

611 2685 734 2728 non
768 2679 996 2749 potest:
1039 2689 1178 2734 nam
1219 2670 1296 2732 de
1337 2690 1409 2734 ea
1449 2689 1517 2731 re
1560 2670 1686 2732 Iovi
1728 2670 1883 2731 nihil
1924 2669 2305 2732 commissum
2346 2679 2493 2731 erat.
