3375 5500
1469 417 1554 480 31

376 617 678 706 nRefer,
731 605 997 717 inquis,
1063 621 1154 695 ad
1211 631 1568 710 senatum;
1634 622 1712 697 id
1754 623 1939 697 enim
1979 625 2287 723 postulas
2344 635 2415 698 et
2436 685 2453 714 ,
2506 628 2565 700 si
2612 626 2721 703 hic

275 749 437 821 ordo
485 747 618 820 sibi
665 748 760 838 ⁴⁹)
827 747 1092 846 placere
1146 750 1517 824 decreverit
1559 761 1628 824 te
1687 752 1787 826 ire
1832 753 1905 827 in
1962 754 2316 842 exsilium,
2366 754 2720 854 obtempe-

270 882 581 950 raturum
648 883 716 949 te
782 901 929 952 esse
1003 878 1192 953 dicis.
1292 880 1453 954 Non
1519 880 1807 956 referam
1825 940 1845 970 ,
1917 882 1991 957 id
2067 883 2257 980 quod
2312 882 2632 957 abhorret
2680 909 2721 957 a

358 1033 420 1099 ⁴⁹)
456 1036 568 1086 sibi.
603 1039 748 1088 omis.

260 1286 388 1336 erat
423 1277 498 1336 de
529 1294 600 1335 ea
632 1294 698 1335 re
729 1276 1056 1355 quidquam
1087 1277 1414 1338 decernere
1451 1288 1513 1338 ct
1545 1277 1805 1337 absurda
1836 1288 1927 1338 est
1958 1279 2147 1359 igitur
2176 1291 2305 1342 tum
2335 1281 2451 1343 hoc
2484 1286 2725 1344 nomine

259 1373 657 1453 expostulatio
700 1369 1019 1432 Catilinae:
1071 1373 1275 1434 »refer
1325 1374 1526 1454 inquis
1568 1373 1644 1432 ad
1687 1374 2001 1434 senatum''
2043 1384 2183 1436 cett.
2220 1385 2349 1438 tum
2391 1379 2575 1440 etiam
2616 1379 2729 1440 hac

257 1471 332 1529 de
364 1487 570 1536 causa,
601 1487 668 1527 ac
698 1468 748 1527 si
784 1465 1038 1529 Catilina
1066 1478 1225 1529 essct
1255 1468 1780 1549 obtemperaturus
1809 1470 1914 1538 iis,
1949 1489 2207 1549 quorum
2238 1491 2727 1554 unumquemque

257 1566 334 1627 ad
372 1565 612 1624 caedem
647 1563 1075 1624 constituisset.
1160 1563 1229 1624 In
1265 1563 1386 1623 fine
1422 1583 1470 1624 c.
1509 1567 1546 1624 9
1590 1564 1717 1644 ipse
1747 1574 1951 1624 orator
1978 1566 2319 1627 luculenter
2354 1569 2727 1629 demonstrat

255 1679 468 1722 verum
496 1679 625 1721 esse
659 1661 821 1740 quod
857 1662 922 1721 in
956 1662 1132 1722 initio
1163 1661 1324 1722 illius
1361 1662 1574 1741 capitis
1601 1663 1833 1741 posuit,
1871 1662 2069 1722 omnia
2106 1680 2319 1742 nempe
2355 1684 2511 1743 quae
2547 1666 2727 1725 dixis-

257 1768 346 1818 set
382 1756 536 1818 nihil
578 1776 707 1818 esse
749 1767 813 1817 et
863 1758 1037 1817 facile
1091 1759 1288 1818 omitti
1341 1758 1639 1838 potuisse:
1694 1757 1841 1818 dicit
1890 1758 2053 1818 enim
2097 1757 2145 1838 ᾗ
2186 1759 2281 1818 24.
2328 1778 2727 1839 »quamquam

255 1854 399 1933 quid
431 1871 544 1934 ego
587 1863 647 1913 te
691 1853 977 1914 invitem'’
1013 1863 1152 1914 cett.
1191 1873 1383 1934 usque
1421 1854 1495 1914 ad
1537 1852 1722 1913 finem
1762 1851 1944 1914 huius
1978 1854 2205 1932 capitis,
2291 1850 2529 1914 Sciebat
2565 1855 2727 1914 enim

257 1951 561 2032 superiore
603 1950 706 2010 illa
745 1959 924 2010 nocte
966 1949 1085 2009 iam
1128 1950 1289 2011 diem
1332 1947 1596 2010 exeundi
1635 1948 1820 2008 fuisse
1864 1947 2154 2008 Catilinae
2199 1951 2605 2010 constitutam.

333 2142 562 2219 Refers,
626 2141 818 2221 inquis
831 2187 847 2210 ‚
910 2142 990 2201 ad
1045 2149 1333 2203 senatum.-
1689 2161 1865 2222 usque
1912 2141 1990 2201 ad
2044 2149 2243 2220 poetas
2290 2151 2725 2224 prosequantur.

255 2275 333 2284 —
373 2240 434 2299 id
485 2239 636 2300 enim
683 2237 959 2316 postulas.
1057 2237 1331 2299 Ridicule
1376 2239 1454 2299 de
1513 2237 1770 2298 Catilina
1832 2237 1948 2296 hoc
2004 2238 2367 2308 affirmatur,
2419 2241 2522 2318 qui
2574 2258 2725 2300 nun-

256 2355 430 2413 quam
470 2335 586 2396 hoc
629 2337 989 2415 postularet,
1031 2344 1196 2396 ccrtc
1239 2353 1363 2394 non
1408 2333 1567 2414 apud
1610 2351 1715 2393 eos
1750 2342 2087 2401 senatores,
2130 2353 2281 2412 quos
2322 2353 2609 2415 persaepe
2651 2335 2728 2396 ad

253 2432 496 2492 caedem
538 2433 968 2500 constituerat,
1010 2432 1234 2510 quique
1278 2430 1458 2490 simul
1499 2438 1682 2507 atque
1719 2429 1785 2488 in
1820 2437 2097 2488 senatum
2134 2440 2385 2490 venerat
2422 2451 2555 2491 eam
2597 2450 2726 2511 par-

253 2536 376 2587 tem
428 2527 850 2588 subselliorum
895 2525 1001 2586 ubi
1054 2525 1155 2584 ille
1207 2525 1461 2593 assedit,
1516 2523 1743 2584 nudam
1794 2533 1977 2602 atque
2033 2524 2274 2584 inanem
2330 2527 2726 2605 reliquerunt.

252 2657 333 2668 —
367 2628 420 2682 et
461 2622 512 2682 si
553 2622 646 2683 hic
681 2621 818 2681 ordo
855 2621 965 2682 sibi
1001 2620 1234 2700 placere
1276 2617 1598 2680 decreverit.
1683 2617 1977 2679 »Veteres
2016 2618 2184 2686 libri,
2236 2626 2333 2680 »et
2368 2621 2419 2680 si
2454 2621 2549 2680 hic
2590 2621 2727 2680 ordo

247 2718 476 2797 placere
535 2719 842 2780 decreverit
856 2717 912 2779 :⁹¹
969 2736 1122 2798 quae
1186 2715 1338 2779 mihi
1401 2716 1665 2787 ἔλλειψις
1722 2715 1926 2777 nescio
1990 2733 2109 2795 quo
2169 2715 2352 2777 modo
2413 2717 2727 2778 venustior

251 2815 508 2876 videtur.
592 2815 859 2877 Verbum
903 2825 1108 2875 autem
1144 2814 1376 2893 placere
1426 2814 1887 2873 usitatissimum
1943 2822 2075 2872 erat
2132 2813 2194 2872 in
2232 2811 2723 2875 senatusconsul-

252 2912 380 2971 tis.”
417 2911 689 2973 Muretus
721 2934 773 2993 p.
815 2915 947 2974 560.
970 2948 1052 2957 —
1080 2910 1160 2971 At
1189 2911 1353 2971 aliud
1377 2911 1562 2971 etiam
1583 2910 1839 2970 verbum
1861 2910 1925 2969 in
1946 2908 2061 2969 hac
2090 2911 2391 2969 sententia
2415 2910 2726 2969 insolitum

249 3016 363 3078 est;
405 3027 530 3069 non
572 3012 769 3070 solent
818 3011 981 3071 enim
1024 3009 1110 3068 ita
1155 3007 1473 3087 coniungi:
1515 3008 1797 3086 »placere
1834 3006 2104 3067 decrevit
2145 3017 2389 3067 senatus
2405 3006 2457 3075 ,''
2492 3007 2597 3086 qui
2626 3006 2723 3067 vel

247 3104 572 3166 decernere
608 3108 832 3168 dicitur
867 3104 1128 3184 aliquid,
1171 3105 1268 3165 vel
1303 3106 1402 3164 cui
1438 3102 1666 3182 aliquid
1702 3103 1958 3181 placuit:
2000 3101 2117 3161 hoc
2158 3102 2343 3163 verbo
2379 3103 2723 3183 saepissime

245 3201 440 3260 utitur
461 3201 670 3262 Cicero
700 3204 764 3263 in
795 3201 1139 3280 Philippicis
1175 3200 1250 3261 dc
1287 3199 1831 3259 senatusconsultis
1867 3218 1900 3258 a
1924 3216 1988 3259 se
2010 3198 2149 3258 latis
2171 3198 2277 3258 scd
2299 3200 2569 3260 nondum
2590 3218 2723 3280 per·

243 3296 394 3355 latis,
441 3294 614 3365 Quod
638 3296 840 3357 afferri
863 3306 1064 3377 posset
1085 3296 1426 3375 exemplum
1450 3314 1526 3355 ex
1549 3293 1839 3356 Cicerone
1861 3295 1967 3355 ubi
1990 3293 2174 3356 verba
2212 3295 2576 3355 »decernere
2597 3294 2722 3373 pla-

244 3390 414 3451 cere”
465 3393 876 3472 coniungatur
920 3394 996 3452 ab
1040 3391 1276 3452 Halmio
1319 3400 1660 3452 correctum
1703 3400 1823 3461 est,
1865 3392 1949 3451 ita
1994 3401 2065 3451 ut
2106 3410 2269 3451 nunc
2304 3391 2543 3451 edatur:
2587 3399 2719 3450 »tu-

242 3488 501 3547 multum
544 3505 674 3547 esse
719 3487 996 3555 decrevi,
1054 3487 1358 3547 iustitium
1417 3487 1602 3555 edici,
1645 3506 1789 3567 saga
1832 3488 1987 3547 sumi
2030 3487 2155 3547 dixi
2190 3486 2462 3565 placere”
2504 3507 2612 3569 pro
2646 3505 2721 3548 eo

243 3581 402 3658 quod
439 3582 503 3641 in
541 3581 632 3642 ed.
665 3580 966 3642 Orelliana
1004 3582 1205 3661 priore
1241 3582 1580 3661 legebatur:
1624 3582 1928 3643 tumultum
1964 3600 2083 3641 esse
2114 3581 2345 3643 decerni
2380 3594 2563 3644 »cett.
2602 3584 2717 3644 Cic.

242 3673 392 3745 Phil,
436 3675 530 3736 VI.
576 3679 628 3737 1.
671 3678 720 3758 S
767 3678 821 3736 2.
913 3712 996 3722 —
1046 3696 1162 3737 uon
1214 3677 1470 3755 referam
1523 3677 1586 3737 id
1643 3678 1791 3757 quod
1832 3677 2103 3738 abhorret
2156 3678 2210 3737 α’
2248 3680 2391 3739 meis
2448 3680 2717 3740 moribus.

241 3771 365 3834 Nisi
412 3775 477 3834 in
528 3776 905 3855 ineptissimo
955 3776 1250 3853 scriptore
1305 3774 1662 3853 explicando
1726 3792 2031 3840 versarer,
2062 3773 2417 3834 -indicarcm
2472 3793 2719 3853 gravem

241 3865 573 3931 Morstadtii
617 3889 915 3940 errorem,
959 3871 1358 3932 existimantis
1401 3870 1695 3931 sicilicum
1738 3888 1868 3931 esse
1904 3868 2253 3949 ponendum
2288 3879 2423 3950 post
2458 3889 2587 3932 voc.
2622 3870 2716 3941 id,

241 3964 324 4024 ita
366 3976 438 4025 ut
494 3967 833 4048 legeretur:
888 3988 1004 4029 non
1051 3967 1309 4045 referam
1361 3966 1453 4035 id,
1505 3966 1652 4045 quod
1702 3964 1973 4026 abhorret
2020 3982 2059 4025 a
2113 3966 2255 4025 meis
2303 3966 2593 4036 πων-ὦπα
2650 3969 2715 4028 in

242 4079 360 4137 qua
381 4065 683 4124 sententia
704 4064 768 4124 id
795 4064 1162 4125 trahendum
1191 4073 1350 4125 essct
1373 4062 1449 4123 ad
1471 4063 1779 4123 exsilium:
1815 4062 1923 4122 sed
1945 4080 2068 4122 non
2089 4061 2399 4139 referunus
2424 4062 2717 4131 exsilium,

240 4156 366 4217 sed:
423 4158 494 4217 de
543 4160 732 4220 emilie.
819 4160 937 4221 Sed
992 4161 1142 4222 haec
1186 4161 1411 4229 obiter:
1455 4161 1582 4221 sive
1626 4161 1789 4220 enim
1830 4160 2122 4220 sicilicum
2164 4167 2305 4219 ante
2349 4175 2715 4237 pronomen,

240 4251 364 4312 sive
399 4264 534 4333 post
569 4274 900 4335 pronomen
935 4266 1226 4337 ponatur,
1267 4258 1331 4317 in
1365 4266 1628 4335 utroque
1663 4275 1837 4324 casu,
1880 4255 2046 4334 quod
2078 4255 2348 4315 nascitur
2374 4263 2713 4314 monstrum

240 4358 358 4408 est:
414 4368 553 4411 uam
599 4372 715 4413 uon
775 4352 1056 4430 referam,
1109 4351 1172 4413 id
1225 4352 1374 4432 quod
1421 4351 1693 4413 abhorret
1726 4352 1873 4431 quod
1908 4369 1947 4410 a
1985 4349 2127 4410 meis
2166 4348 2443 4417 moribus,
2485 4348 2713 4409 indicat

239 4446 303 4501 τὸ
347 4446 602 4516 referre,
652 4449 714 4509 id
767 4449 930 4529 quod
979 4449 1290 4530 proprium
1345 4458 1437 4509 est
1483 4447 1780 4518 consulis,
1830 4466 1952 4508 non
2004 4447 2199 4507 solum
2251 4444 2367 4505 sibi
2416 4462 2541 4505 non
2590 4445 2710 4523 pla-

239 4556 372 4600 cere
389 4587 405 4609 ,
446 4561 660 4605 verum
701 4546 884 4606 etiam
927 4545 1042 4605 sibi
1085 4562 1216 4605 esse
1259 4544 1563 4613 odiosum;
1606 4564 1725 4605 nou
1762 4545 2017 4623 referam
2050 4541 2139 4611 id,
2180 4540 2328 4620 quod
2346 4585 2353 4591 .
2370 4548 2510 4600 cett.
2528 4585 2544 4608 ,
2586 4539 2623 4597 i.
2656 4556 2707 4597 e.

239 4651 359 4695 non
401 4655 536 4701 sum
571 4639 874 4701 relaturus
916 4640 992 4701 de
1028 4638 1242 4701 exsilio
1282 4639 1346 4699 in
1383 4658 1526 4699 eum
1559 4636 1974 4708 decernendo,
2030 4639 2134 4718 qui
2178 4654 2385 4698 omnes
2428 4635 2589 4696 cives
2632 4634 2711 4694 ad

239 4732 488 4796 exitium
540 4753 609 4795 ac
664 4736 1008 4799 vastitatem
1049 4745 1222 4799 vocat
1237 4780 1255 4805 ,
1307 4735 1372 4797 id
1413 4736 1578 4801 enim
1623 4754 1823 4797 mores
1864 4737 1987 4799 mci
2034 4734 2353 4817 temperati
2388 4728 2710 4792 moderati-

2350 4846 2394 4908 6
