3375 5500
1463 465 1729 481 -ιι--υῂ

365 675 463 734 tus
509 689 662 733 esses
677 717 698 746 ,
745 669 1022 752 feliciter
1056 686 1464 752 prospereque
1523 669 1659 731 Tibi
1702 671 2007 747 eveniant,
2072 678 2141 734 ut
2193 674 2356 757 quod
2400 676 2623 738 diceris
2667 681 2723 738 et
2771 695 2837 738 es

367 821 740 884 Academiae
795 819 1005 897 decus,
1073 819 1180 881 diu
1224 839 1486 882 maneas.
1577 819 1762 882 Nihil
1814 822 2030 884 laetius
2082 825 2231 885 milii
2290 825 2563 887 accidere
2604 826 2835 906 poterit

369 992 552 1056 quam
584 991 704 1054 per
752 991 1046 1033 annorum
1089 971 1305 1032 seriem
1357 969 1440 1031 Te
1474 969 1678 1032 videre
1695 1017 1716 1046 ,
1760 972 2077 1033 senectutis
2111 973 2484 1036 incommoda
2500 1023 2520 1051 ,
2566 980 2633 1036 ut
2684 977 2835 1038 Cato

364 1123 534 1205 apud
585 1123 933 1184 Ciceronem
991 1121 1187 1184 Tuum
1200 1168 1220 1197 ,
1266 1140 1383 1183 non
1430 1124 1745 1202 expertum
1761 1167 1782 1196 ,
1824 1122 1985 1184 vitae
2034 1125 2331 1187 communi
2378 1125 2600 1187 civium
2647 1125 2834 1187 saluti

353 1277 646 1354 peractae
689 1271 891 1334 dulces
931 1269 1192 1351 fructus
1239 1271 1622 1352 colliqentem.

448 1421 585 1484 Nec
639 1422 878 1483 minora
943 1419 1080 1482 Tibi
1132 1418 1308 1482 debeo
1373 1419 1729 1484 Clarissime
1782 1423 2025 1500 Comi‘r,
2072 1426 2243 1486 cuius
2298 1424 2661 1508 discipulum
2713 1445 2836 1489 esse

361 1589 737 1652 summopere
777 1570 1030 1652 qlorior.
1133 1571 1224 1632 Tu
1257 1588 1377 1650 per
1433 1573 1564 1632 octo
1615 1590 1804 1634 annos
1817 1619 1836 1648 ,
1904 1591 2051 1655 quos
2104 1574 2317 1655 deqere
2376 1575 2443 1636 in
2497 1575 2835 1638 Academia

363 1722 945 1804 Luqduno-Batava
991 1722 1144 1784 mihi
1191 1722 1439 1803 contiqit
1451 1767 1472 1796 ,
1527 1739 1758 1800 semper
1826 1721 2091 1782 consiliis
2149 1722 2297 1783 Tuis
2337 1723 2486 1784 mihi
2530 1720 2795 1803 adfuisti
2807 1751 2835 1798 ,-

374 1872 468 1933 Tu
505 1871 764 1954 eqreqiis
809 1869 1160 1932 lectionibus
1213 1873 1270 1930 et
1315 1869 1693 1949 praeceptis,
1740 1870 1925 1932 multo
1980 1870 2175 1951 mayis
2227 1871 2523 1934 luculento
2567 1874 2837 1954 eoeemplo

370 2023 502 2084 Tuo
517 2068 538 2099 ,
584 2021 816 2103 reqiam
866 2019 1017 2082 mihi
1070 2019 1416 2082 monstrasti
1459 2019 1622 2080 viam
1638 2064 1658 2092 ,
1706 2037 1888 2099 quam
1943 2022 2272 2100 sequantur
2326 2020 2375 2080 ii
2390 2067 2411 2095 ,
2470 2021 2575 2103 qui
2629 2021 2696 2082 in
2742 2022 2838 2082 bis

359 2170 583 2234 studiis
591 2169 894 2252 proficere
919 2167 1120 2229 velint.
1181 2165 1546 2246 Saepissime
1583 2167 1676 2228 Ta
1706 2165 2088 2228 aberrantem
2114 2169 2179 2230 in
2204 2168 2369 2231 viam
2396 2190 2488 2232 me
2502 2171 2801 2234 redu-nisti
2813 2221 2834 2252 ,

362 2319 698 2382 tardiorem
751 2315 1066 2392 excitasti,
1109 2315 1480 2378 dubitantem
1527 2317 1917 2400 confirmasti.
2018 2316 2269 2379 Utinam
2322 2338 2439 2402 quo
2483 2339 2716 2402 semper
2770 2323 2835 2384 in

362 2489 456 2532 me
514 2469 715 2544 animo
761 2465 958 2548 fuisti
972 2511 993 2543 ,
1053 2485 1294 2530 manere
1349 2467 1527 2542 velis,
1591 2465 1855 2548 mihique
1904 2467 2221 2529 concedere
2290 2471 2347 2528 et
2404 2469 2471 2530 in
2524 2476 2836 2551 posterum

307 2686 313 2692 ‚
371 2615 735 2697 discipulum
795 2615 991 2678 Tuum
1039 2633 1163 2676 esse
1209 2614 1404 2697 adque
1469 2615 1660 2678 Tuam
1707 2614 2043 2678 doctrinam
2102 2617 2408 2698 Tuamque
2439 2619 2835 2699 prudentiam

364 2765 711 2851 confuqere.

463 2918 544 2981 Te
607 2919 843 2980 silentio
907 2918 1007 2979 hic
1070 2918 1416 2999 praeterire
1497 2937 1615 2979 non
1668 2937 1921 2998 possum
1978 2919 2331 2981 Clarissime
2384 2920 2630 2983 Kusnn
2650 2966 2671 2996 ,
2728 2923 2835 3003 qui

367 3068 792 3132 adolescentem
847 3069 914 3129 in
957 3068 1295 3131 amicitiam
1321 3071 1402 3129 et
1436 3066 1946 3148 familiaritatem
2012 3070 2278 3149 recipere
2325 3086 2442 3131 non
2492 3067 2795 3150 denegasti
2810 3115 2831 3144 ,

370 3223 475 3306 qui
538 3221 801 3303 amplius
868 3218 1196 3281 triennium
1271 3220 1586 3281 thesauros
1637 3218 1888 3281 illarum
1957 3218 2419 3301 disciplinarum
2482 3219 2548 3281 in
2616 3216 2834 3301 quibus

363 3391 584 3456 reqnas
603 3421 623 3449 ,
683 3372 833 3433 mihi
883 3372 1124 3452 aperire
1177 3370 1436 3433 voluisti.
1482 3408 1572 3417 —-
1616 3370 1748 3431 Pro
1804 3370 1913 3431 illa
1978 3370 2109 3432 Tua
2166 3370 2559 3432 benevolentia
2599 3388 2832 3452 proque

359 3526 605 3606 eqreqia
681 3522 1050 3585 institutione
1107 3522 1348 3603 qratias
1424 3521 1558 3583 Tibi
1630 3520 1837 3603 refero
1898 3540 2246 3605 semperque
2308 3520 2583 3602 referam
2646 3539 2830 3603 quam

356 3677 680 3738 maximas.

456 3827 641 3890 Iuvat
662 3830 911 3909 qratum
949 3825 1217 3887 animum
1248 3843 1395 3906 erqa
1433 3825 1513 3885 Te
1528 3822 1746 3904 palam
1760 3824 2044 3907 profiteri
2076 3821 2428 3883 Clarissime
2458 3820 2793 3882 Senonum
2806 3862 2827 3893 ,

357 3974 526 4059 quod
582 3927 701 4057 per
783 3976 864 4036 Te
927 3953 1107 4037 milii⁴
1152 3973 1392 4035 licuerit
1450 3974 1732 4035 interesse
1808 3973 1955 4034 Tuis
2017 3970 2397 4047 lectionibus,
2471 3992 2510 4032 a
2576 3968 2791 4053 quibus
2806 4016 2823 4047 ,

359 4154 400 4188 n
420 4147 729 4212 nunquam
769 4128 888 4188 nisi
930 4126 1141 4187 melior
1183 4123 1493 4187 discessi.'’

446 4277 654 4360 Nefas
695 4279 845 4338 esset
889 4274 1056 4337 vobis
1096 4294 1213 4336 non
1253 4274 1604 4335 nominatim
1634 4241 1878 4355 qratias
1917 4290 2095 4355 aqere
2137 4271 2260 4334 viri
2308 4266 2682 4340 Clarissimi,
2719 4265 2824 4348 qui

359 4432 492 4489 tum
528 4378 594 4488 in
637 4426 955 4489 Facultate
991 4424 1370 4487 Litterarum
1389 4472 1408 4501 ,
1457 4428 1585 4485 tum
1621 4424 1686 4485 in
1725 4422 1771 4485 I
1765 4422 2300 4485 urisconsultorum
2354 4415 2583 4477 Ordine
2627 4433 2825 4477 omnes

359 4578 579 4641 vestris
630 4576 1010 4653 lectionibus,
1073 4580 1273 4639 vestra
1331 4575 1729 4639 benevolentia
1748 4622 1769 4650 ,
1815 4573 1965 4635 mibi
2016 4568 2308 4653 opitulari
2362 4566 2633 4629 voluistis
2644 4593 2671 4640 ,·
2718 4582 2849 4626 nec·

361 4727 562 4792 minus
616 4728 708 4791 Tu
767 4748 861 4793 me
907 4728 1243 4792 devinctum
1293 4726 1474 4789 babes
1535 4726 1887 4790 Clarissime
1933 4722 2106 4787 (ἱππ,
2122 4767 2143 4799 ,
2208 4719 2313 4802 qui
2368 4717 2514 4779 Tuis
2557 4714 2825 4777 consiliis
