3375 5500
2637 485 2714 526 ΙΠ

223 669 458 734 -Quam
535 663 788 750 egregie
858 664 1071 750 lapsus
1135 666 1221 730 sit
1297 665 1570 734 Cludius
1645 666 2069 734 ostenderunt
2134 671 2279 734 tum
2348 669 2499 746 alii,
2564 676 2706 736 tum

235 786 610 852 Eischstiidt
637 790 694 871 ⁸)
715 832 736 864 ‚
781 788 893 871 qui
937 809 994 853 a.
1050 789 1220 852 1837
1267 788 1502 855 litteris
1542 789 1745 875 ipsius
1793 789 2021 856 Wolfii
2058 788 2347 856 ostendit
2378 811 2707 856 summum

231 905 535 972 criticum
581 906 840 972 tertiam
889 907 1229 973 damnasse
1275 909 1640 976 orationem
1672 910 1749 998 ⁹).

329 1027 506 1094 sieri
539 1027 730 1093 anter
767 1049 903 1094 non
931 1027 1148 1113 potuit
1182 1028 1342 1113 quin
1360 1076 1382 1107 ‚
1427 1051 1630 1114 quum
1659 1029 1853 1095 multi
1881 1029 1983 1094 his
2020 1029 2173 1095 viris
2202 1029 2671 1097 assentirentur
2682 1003 2711 1110 ‚'

229 1147 450 1232 plures
493 1153 708 1213 essent
749 1148 862 1232 qui
909 1147 1127 1213 Tullio
1169 1147 1570 1216 vindicarent
1614 1149 1761 1216 illas
1808 1149 2132 1215 orationes
2150 1197 2172 1226 ,
2218 1169 2387 1233 quae
2430 1152 2700 1216 summis

229 1265 536 1332 laudibus
585 1266 820 1350 dignae
881 1267 1284 1334 videbantur.
1375 1271 1510 1336 Qui
1563 1293 1767 1356 quum
1820 1270 1978 1336 vitia
2034 1269 2543 1336 adversariorum
2599 1272 2701 1336 in-

225 1384 513 1451 dicarint
566 1393 788 1454 tamen
843 1410 980 1455 rem
1028 1389 1382 1456 confecisse
1439 1389 1569 1456 dici
1619 1412 1756 1456 non
1803 1395 2096 1475 possunt.
2187 1389 2483 1456 Primum
2528 1390 2702 1457 inter

224 1527 346 1571 eos
391 1505 610 1572 locum
645 1508 898 1575 obtinet
935 1508 1203 1594 Madvig
1235 1513 1320 1594 ¹⁰)
1336 1559 1358 1588 ‚
1404 1510 1519 1595 qui
1554 1515 1631 1576 ut
1675 1511 1845 1577 solet
1882 1531 2019 1576 non
2062 1509 2203 1576 sine
2248 1510 2597 1576 acerbitate
2634 1517 2700 1576 et

223 1625 629 1692 adversarios
685 1628 865 1714 parvi
922 1629 1166 1696 faciens
1201 1632 1290 1714 ¹¹)
1349 1631 1727 1715 perstrinxit
1780 1630 2176 1695 Ahrensium
2217 1629 2418 1714 inque
2472 1629 2703 1696 Orellii

223 1746 624 1812 sententiam
689 1747 1104 1814 vehementer
1171 1749 1463 1814 invectus
1529 1755 1646 1814 est.
1738 1749 2013 1814 Dixerat
2068 1749 2245 1815 enim
2300 1749 2509 1814 Orelli
2555 1748 2701 1813 illas

223 1866 560 1933 orationes
621 1889 662 1932 a
721 1867 964 1932 Tirone
1019 1867 1350 1933 Ciceronis
1407 1866 1642 1934 liberto
1706 1868 2071 1954 suppositas
2126 1889 2265 1934 esse
2281 1915 2303 1946 ,
2348 1867 2445 1954 qd
2505 1890 2701 1953 quam

220 1987 623 2054 sententiam
675 1985 1058 2084 firmandam
1111 1987 1308 2051 aliam
1352 1987 1739 2072 excogitavit
1799 1987 2094 2053 fraudem
2146 1986 2405 2053 Tironis
2451 1986 2701 2054 edentis

282 2232 328 2298 8)
363 2235 431 2284 In
464 2235 642 2298 Progr.
675 2233 836 2286 Acad.
865 2233 1093 2286 Ienensis
1127 2249 1173 2284 a.
1209 2233 1747 2287 MDCCCXXXVII.

283 2315 329 2383 ⁹)
367 2318 541 2381 Quum
575 2326 681 2370 tota
713 2319 882 2371 Cludii
915 2319 1182 2384 disputatio
1215 2333 1279 2370 eo
1312 2326 1500 2384 spectet
1533 2327 1590 2371 ut
1621 2320 1897 2372 secundam
1930 2319 2211 2370 orationem
2245 2335 2279 2370 a
2309 2317 2551 2370 Cicerone
2578 2315 2711 2368 abiu·

217 2405 379 2465 dicet,
424 2406 545 2470 qnid
588 2405 741 2456 facias
785 2405 1120 2455 Eischstfidtio
1161 2404 1251 2471 qui
1295 2406 1364 2455 sic
1399 2405 1566 2455 scribit
1603 2421 1654 2471 p.
1694 2409 1742 2455 6.
1778 2420 1859 2470 op.
1896 2405 1934 2455 l.
2008 2427 2032 2448 n
2047 2405 2164 2470 Ipse
2198 2412 2367 2455 autem
2400 2402 2608 2454 Cludius
2642 2414 2714 2450 se-

217 2489 442 2539 cundam
486 2492 681 2554 putavit
723 2489 1071 2543 catilinarium
1119 2505 1154 2540 a
1191 2490 1431 2553 magistro
1475 2505 1567 2540 sno
1611 2490 1943 2554 significatam
1984 2488 2133 2542 fuisse
2167 2487 2217 2538 in
2250 2488 2442 2553 eiusque
2470 2483 2713 2536 authentia

219 2573 528 2640 defendenda
541 2575 731 2626 malm
759 2574 1023 2638 laboravit,
1052 2576 1264 2626 laudans
1289 2576 1388 2627 vol.
1406 2577 1505 2628 IV.
1523 2591 1573 2642 p.
1593 2577 1800 2627 47—85
1817 2596 1829 2628 =
1846 2590 2005 2642 quum
2022 2576 2288 2641 disputatio
2304 2575 2501 2637 legatur
2518 2571 2617 2624 vol.
2635 2571 2711 2620 ΙΙ.

219 2666 367 2722 parte
402 2665 476 2709 42.
489 2696 505 2720 ,
539 2673 607 2714 ex
637 2661 820 2726 quibus
853 2668 1058 2726 apparet
1092 2675 1211 2710 eum
1244 2659 1414 2711 Cludii
1438 2660 1735 2726 opusculum
1770 2675 2049 2725 numquam
2081 2660 2277 2710 vidisse.

287 2740 354 2810 ¹⁰)
387 2745 454 2795 In
499 2744 655 2811 praef.
700 2745 778 2797 ed.
813 2745 889 2797 11.
921 2743 1084 2797 Oratt.
1132 2743 1315 2797 Select.
1364 2743 1496 2796 XII.
1543 2745 1782 2797 Hauniae
1824 2748 1984 2808 1841,
2032 2745 2243 2810 repetita
2288 2742 2343 2794 in
2378 2739 2508 2807 Opp.
2544 2738 2707 2791 Acad.

222 2830 410 2880 alteris.
451 2834 601 2881 1842.
636 2846 688 2895 p.
724 2832 1018 2882 297—352.

284 2914 345 2977 ¹¹)
381 2917 496 2967 Iam
541 2918 632 2983 qni
676 2930 902 2982 unquam
942 2913 1260 2966 Catilinarias
1294 2930 1328 2965 a
1361 2914 1604 2968 Cicerone
1645 2916 1973 2967 abiudicaturi
2008 2920 2153 2976 sunt,
2186 2912 2447 2965 damnavit
2479 2910 2708 2973 Madvig.

219 2999 363 3065 (Opp.
402 3000 564 3050 Acad.
599 3001 674 3052 ΙΙ.
709 3017 759 3066 p.
796 3006 892 3050 351
934 2998 1076 3064 adn.)
1115 3000 1286 3063 uLegi
1319 3009 1492 3063 postea
1536 3001 1638 3052 alia
1683 3003 1748 3052 de
1784 3001 2090 3051 orationibus
2123 2998 2430 3051 Catilinariis
2464 2996 2712 3059 disputata

219 3096 318 3133 non
364 3084 536 3134 minus
580 3082 970 3135 inconsiderata:
1015 3082 1104 3133 sed
1149 3088 1309 3133 totum
1353 3083 1452 3134 hoc
1494 3085 1694 3135 criticae
1740 3098 1899 3148 genus
1942 3084 2063 3134 satis
2104 3090 2332 3133 notatum
2364 3078 2615 3145 qualeque
2650 3078 2713 3128 sit

220 3167 614 3219 demonstratum
655 3172 828 3235 puto.”
896 3168 977 3220 De
1012 3182 1074 3219 ea
1104 3182 1161 3219 re
1196 3182 1378 3233 nempe
1420 3170 1524 3233 egit
1557 3170 1786 3234 Madvig.
1823 3168 1921 3234 Op.
1958 3168 2123 3219 Acad.
2158 3168 2205 3218 Ι.
2240 3181 2291 3233 p.
2332 3170 2445 3215 192.
2480 3178 2555 3229 sq.
2590 3163 2707 3213 adn.

221 3254 438 3303 scribens
471 3254 535 3303 de
553 3252 834 3305 Ahrensio:
884 3254 1076 3304 nHanc
1109 3253 1387 3303 orationem
1415 3252 1666 3319 (quartam
1696 3256 1751 3305 in
1769 3252 2061 3318 Catilinam)
2089 3251 2183 3303 fuit
2217 3264 2376 3317 nuper
2404 3250 2492 3315 qui
2522 3246 2706 3299 aCice-

221 3352 337 3389 rone
388 3338 772 3389 abiudieandam
815 3339 1090 3404 disputaret
1141 3338 1204 3387 iis
1247 3339 1582 3402 argumentis,
1635 3352 1767 3406 quae
1814 3353 1917 3389 non
1964 3344 2071 3387 tam
2104 3335 2398 3398 singulatim
2430 3332 2708 3383 refellenda

223 3422 482 3473 videantur
495 3459 511 3483 ,
555 3438 708 3489 quam
744 3424 1034 3473 universum
1079 3436 1240 3487 genus
1277 3424 1624 3487 disputationis
1665 3438 1819 3489 quam
1867 3422 2029 3475 multa
2060 3422 2245 3473 habeat
2276 3418 2470 3477 futilia,
2503 3428 2707 3467 monen-

224 3506 371 3557 dnm”
409 3513 524 3557 cett.
537 3528 553 3568 ς
588 3507 649 3556 ab
678 3502 776 3555 ilus
802 3504 1060 3555 hominibus
1086 3503 1204 3555 solis
1231 3522 1257 3555 e
1286 3504 1450 3556 lexicis
1477 3503 1689 3555 iudicari
1718 3503 1839 3570 quid
1864 3504 1915 3555 in
1942 3502 2108 3569 aliquo
2137 3502 2237 3553 loco
2261 3501 2326 3551 sit
2341 3500 2581 3567 singulare
2590 3522 2613 3559 ;
2638 3528 2707 3537 —

223 3592 350 3655 quod
391 3591 530 3641 unde
563 3598 785 3657 petatur,
821 3592 951 3642 nihil
985 3591 1164 3651 refert,
1201 3592 1322 3641 dum
1356 3592 1411 3641 id
1446 3592 1582 3657 qnod
1614 3589 2060 3641 demonstrandum
2095 3594 2247 3648 esset,
2282 3594 2417 3637 recte
2444 3587 2705 3651 probetur:

223 3690 282 3723 ea.-
311 3674 407 3725 hac
445 3682 604 3725 aetate
641 3690 829 3743 paucos
867 3682 1068 3741 praeter
1123 3671 1364 3723 ciceronis
1411 3671 1556 3724 libros
1601 3688 1849 3740 superesse
1892 3688 1955 3722 ex
1990 3670 2108 3723 aliis
2152 3668 2388 3720 scribendi
2433 3667 2706 3733 qam-ibus,

225 3757 357 3825 inque
391 3759 598 3811 omnibus
630 3776 778 3825 aeque
810 3758 961 3809 multa
988 3756 1259 3825 sinyularia
1286 3774 1414 3820 esse,
1440 3757 1492 3809 in
1523 3756 1684 3807 multis
1710 3756 1842 3821 lonye
1862 3754 2016 3821 plura
2024 3776 2048 3813 ,·
2076 3780 2147 3791 --
2164 3755 2299 3819 quod
2316 3751 2539 3804 aWolfii
2556 3765 2704 3815 nega-

226 3852 328 3895 tum
361 3852 466 3906 est,
498 3846 589 3911 qni
614 3846 728 3897 leve
762 3845 1038 3911 praemium
1073 3858 1166 3909 pro
1199 3856 1352 3908 opera
1384 3858 1476 3893 sua
1505 3842 1577 3908 (in
1611 3843 1716 3892 fine
1748 3838 1902 3905 praef.
1932 3840 1997 3889 ad
2025 3838 2255 3888 Marcell.
2285 3852 2334 3903 p.
2354 3836 2593 3887 XXXIX
2610 3836 2705 3901 sq.)

230 3930 318 3982 hoc
333 3932 643 3997 postulabat,
673 3932 786 3981 ntis
807 3930 890 3981 eui
916 3928 1162 3995 perlectus
1191 3928 1577 3979 commentarius
1603 3926 1855 3977 videretur
1871 3924 2036 3988 ipsum
2060 3920 2356 3973 Ciceronem
2380 3921 2705 3981 calumniari,

225 4031 374 4080 qnam
420 4018 640 4080 primum
687 4016 866 4067 eadem
910 4015 1104 4067 ratione
1149 4014 1428 4065 orationem
1469 4012 1625 4063 aliam
1667 4022 2019 4077 quamcunque
2070 4006 2487 4067 calumnias-etun
2541 4019 2704 4072 neque

229 4098 397 4151 Cicero
443 4102 498 4151 in
543 4100 850 4155 orationibus
893 4098 1154 4151 diiudicari
1193 4104 1381 4163 potest,
1429 4112 1522 4149 nec
1555 4096 1705 4147 debet
1739 4109 1806 4146 ex
1840 4094 1967 4145 alius
2010 4093 2208 4157 generis
2242 4094 2459 4157 scriptis,
2504 4092 2593 4141 sed
2640 4105 2706 4140 ex

228 4185 373 4247 ipsius
408 4186 666 4250 operibus3
699 4212 770 4223 —
803 4191 1052 4249 postremo
1084 4181 1318 4233 Romanis
1348 4182 1499 4233 multa
1531 4178 1752 4230 oratoria
1784 4177 1893 4227 visa
1919 4192 2021 4227 esse
2050 4192 2172 4243 quae
2208 4176 2339 4227 nobis
2367 4171 2708 4224 declamatoria

232 4267 474 4319 videantur
485 4290 507 4329 ;
551 4297 621 4307 -
665 4270 894 4336 quamvis
935 4270 1000 4329 de
1044 4269 1286 4322 Cicerone
1332 4268 1618 4319 noverimus
1663 4280 1783 4317 eum
1833 4270 2062 4315 accurate
2094 4262 2263 4328 loqui,
2298 4262 2519 4324 aliosque
2564 4258 2605 4307 si
2652 4257 2706 4306 id

233 4354 568 4417 neglexissent
617 4370 819 4420 carpere
864 4355 1067 4405 solitum
1112 4370 1219 4407 esse
1271 4352 1405 4420 (vide
1455 4367 1505 4402 v.
1557 4366 1602 4402 c.
1647 4349 1853 4412 Quinct.
1900 4348 2055 4399 VIII.
2085 4350 2136 4395 3.
2167 4345 2193 4410 §
2224 4344 2326 4410 54).
2394 4342 2581 4392 Melius
2599 4377 2614 4401 ,
2650 4348 2708 4389 nt

233 4439 357 4489 mihi
389 4441 593 4506 quidem
625 4440 824 4489 videtur
839 4473 854 4501 ,
889 4439 932 4489 is
965 4439 1095 4503 agit,
1130 4439 1218 4503 qui
1255 4438 1338 4489 vel
1365 4436 1594 4487 uberiore
1629 4434 1859 4483 doctrina
1886 4431 2135 4496 praeditus
2148 4466 2163 4489 ‚
2194 4428 2277 4479 vel
2306 4426 2595 4479 melioribus
2629 4440 2706 4475 co-

233 4522 418 4573 dicibus
451 4525 666 4575 excussis
679 4562 694 4585 ,
731 4522 885 4590 (quod
918 4524 974 4573 in
1021 4523 1277 4573 neminem
1321 4521 1486 4585 magis
1530 4520 1708 4571 cadere
1752 4516 1993 4575 arbitror,
2040 4526 2194 4577 quam
2226 4512 2282 4563 in
2316 4512 2481 4577 ipsum
2515 4509 2708 4559 Madvi-

235 4609 394 4671 giam,
427 4612 491 4663 de
523 4611 764 4663 Cicerone
797 4610 982 4675 optime
1016 4606 1270 4675 melitani)
1305 4606 1580 4669 singularia
1613 4601 1857 4655 Ahrensii
1899 4600 2023 4650 vitia
2056 4597 2267 4658 indicet,
2300 4610 2454 4661 quam
2485 4594 2575 4658 qui
2609 4593 2709 4642 illis

236 4696 543 4754 generalibus
577 4696 836 4747 sententiis
849 4734 864 4757 ‚
897 4696 1076 4760 quibus
1122 4693 1299 4743 eodem
1332 4692 1441 4741 iure
1481 4702 1640 4756 aeque
1672 4685 1935 4751 generales
1978 4682 2163 4749 opponi
2204 4685 2433 4747 possunt,
2468 4678 2625 4729 utitur
2654 4684 2711 4728 ut

232 4780 515 4833 auctoritate
550 4796 640 4835 sua
673 4783 886 4835 aliorum
922 4780 1220 4833 sententiam
1255 4782 1458 4831 evertat.

2211 4862 2301 4927 1*
