3375 5500
1879 382 1969 443 40

776 595 907 670 XI.
1011 593 1221 666 Nunc
1299 593 1380 660 ut
1440 613 1482 661 a
1535 611 1649 660 me
1671 645 1690 674 ,
1760 594 1991 685 patres
2055 588 2461 687 conscripti,
2526 591 2873 686 quandam
2935 617 3143 693 prope

674 724 930 796 iustam
981 719 1240 819 patriae
1296 715 1797 815 querimoniam
1864 716 2162 790 detester
2220 743 2298 790 ac
2366 717 2687 815 deprecer
2702 777 2721 806 ‚
2772 720 3102 821 percipite
3126 781 3145 810 ‚

677 874 934 950 quaeso
957 908 977 937 ,
1035 847 1401 947 diligenter
1423 905 1442 933 ‚
1499 869 1678 943 quae
1724 845 1949 918 dicam
1965 904 1983 933 ,
2037 853 2107 917 et
2155 870 2235 918 ea
2282 847 2561 944 penitus
2608 848 2856 922 animis
2904 850 3145 923 vestris

677 978 1168 1076 mentibusque
1258 974 1603 1050 mandate.
1718 973 1998 1046 Etenim
2024 1031 2042 1060 ‚
2130 974 2187 1047 si
2264 999 2538 1049 mecum
2625 977 2847 1075 patria
2870 1037 2889 1065 ,
2968 1005 3143 1078 quae

677 1107 850 1182 mihi
914 1105 1061 1180 vita
1127 1130 1282 1179 mea
1353 1104 1575 1176 multo
1642 1109 1751 1176 est
1820 1101 2068 1188 carior,
2132 1103 2191 1176 si
2239 1111 2487 1178 cuneta
2534 1104 2737 1178 Italia
2756 1163 2775 1192 ,
2828 1106 2887 1180 si
2922 1109 3143 1182 omnis

677 1234 1064 1335 respublica
1133 1233 1230 1307 sic
1282 1233 1641 1331 loquatur:
1728 1261 1762 1299 n
1780 1231 1881 1304 M.
1931 1231 2149 1319 Tulli,
2200 1232 2379 1330 quid·
2419 1233 2615 1331 agis?
2694 1233 2891 1309 Tune
2942 1261 3139 1324 eum,

679 1388 891 1462 quem
960 1385 1110 1435 esse
1179 1361 1450 1434 hostem
1511 1358 1943 1456 comperisti,
2017 1383 2226 1456 quem
2297 1359 2549 1434 ducem
2612 1361 2778 1436 belli
2829 1362 3138 1439 futurum

678 1492 870 1566 vides
889 1551 908 1579 ,
955 1514 1165 1589 quem
1210 1487 1588 1588 exspectari
1629 1486 2115 1586 imperatorem
2150 1488 2225 1562 in
2266 1489 2507 1564 castris
2552 1489 2858 1566 hostium
2896 1493 3135 1580 sentiS,

675 1922 1135 2005 comprehendi,
1192 1921 1242 1981 si
1298 1919 1558 1984 interfici
1611 1922 1876 1988 iussero,
1926 1920 2106 1980 credo
2156 1919 2275 1980 erit
2325 1918 2659 1980 verendum
2708 1916 2859 1978 mihi
2909 1937 2989 1978 ne
3030 1937 3147 1978 non

673 2021 790 2080 hoc
844 2020 1046 2098 potius
1103 2034 1314 2078 omnes
1367 2015 1512 2076 boni
1568 2016 1765 2076 serius
1805 2033 1840 2076 a
1882 2034 1979 2076 me
1997 2061 2013 2084 ,
2054 2032 2227 2094 quam
2266 2015 2566 2094 quisquam
2604 2012 2893 2074 crudelius
2934 2011 3148 2092 factum

673 2134 793 2178 esse
847 2114 1003 2174 dicat
1056 2133 1104 2173 c.
1163 2115 1277 2174 12:
1331 2138 1356 2166 ι»
1375 2157 1390 2182 ,
1437 2113 1650 2180 multi,
1702 2112 1754 2172 si
1804 2112 1869 2172 in
1917 2110 2081 2172 hunc
2124 2111 2683 2172 animadvertissem
2724 2141 2805 2156 -—-
2846 2111 3146 2172 crudeliter

675 2217 728 2272 et
781 2210 936 2290 rcyie
990 2209 1211 2287 factum
1251 2228 1370 2270 esse
1410 2208 1675 2268 dicerent.
1758 2241 1841 2252 -—-
1882 2207 2195 2276 Quomodo
2233 2207 2540 2268 conciliari
2576 2206 2765 2286 possit
2808 2205 2973 2286 prior
3015 2225 3145 2287 pars

673 2306 859 2367 huius
915 2307 1126 2386 capitis
1182 2307 1260 2366 12
1315 2324 1454 2365 eum
1505 2303 1921 2384 superioribus
1972 2303 2073 2364 alii
2125 2303 2391 2365 videant.
2474 2300 2795 2362 Confessus
2846 2301 3010 2360 enim
3060 2311 3149 2362 est

676 2411 884 2463 orator
937 2421 986 2462 c.
1040 2403 1094 2462 5.
1146 2400 1194 2481 S
1245 2402 1339 2460 12.
1407 2419 1504 2460 »se
1557 2399 1813 2460 nondum
1868 2398 2080 2460 audere
2132 2399 2453 2479 interficere
2517 2397 2827 2459 Catilinam
2840 2395 2895 2455 .·'’
2958 2397 3151 2456 altero

677 2499 810 2558 loeo
865 2497 1118 2576 legitur:
1170 2521 1196 2551 a
1211 2515 1333 2576 39⁰,
1393 2494 1444 2554 si
1496 2493 1600 2554 hoc
1651 2494 1925 2573 optimum
1965 2494 2185 2571 factum
2224 2493 2537 2554 iudiearem
2556 2539 2571 2562 ,
2626 2492 2693 2554 P.
2741 2490 2797 2552 G.
2844 2489 3153 2552 Catilinam

673 2599 854 2654 morte
913 2591 1185 2659 multari,
1255 2589 1431 2650 unius
1491 2603 1732 2650 usuram
1788 2590 1963 2650 horae
2016 2589 2333 2668 yladiatori
2392 2590 2493 2650 isti
2548 2590 2625 2650 ad
2678 2590 2976 2650 vivendum
3038 2609 3149 2650 non

663 2687 1004 2749 'dedissem.’'
1087 2685 1362 2746 Absurde
1425 2703 1606 2767 porro
1665 2685 1817 2746 haec
1882 2686 2176 2746 defensio
2210 2695 2331 2746 est:
2408 2683 2543 2746 Non
2602 2685 2881 2746 interfeci
2950 2684 3147 2746 Catili·

674 2804 846 2854 nam,
902 2785 1186 2864 quoniam
1234 2791 1408 2853 sunt,
1449 2784 1553 2863 qui
1595 2802 1721 2843 non
1762 2784 2014 2845 credant.
2054 2783 2537 2845 coniurationem
2578 2802 2708 2843 esse
2750 2781 2987 2842 saetam.
3076 2782 3149 2841 At

675 2883 725 2942 si
780 2881 881 2941 hic
935 2881 1243 2961 profectus
1299 2880 1416 2939 erit
1473 2880 1549 2940 ad
1592 2879 1891 2949 Mallium,
1942 2881 1993 2941 si
2035 2900 2172 2942 cum
2214 2882 2489 2942 exercitu
2530 2899 2641 2941 suo
2683 2878 2915 2939 Italiam
2960 2889 3153 2941 vastat

675 2988 858 3058 atque
899 2978 1142 3056 diripit,
1184 2975 1235 3038 si
1276 2975 1420 3037 huic
1461 2976 1598 3037 urbi
1641 2978 1938 3046 minatur,
1982 2995 2159 3037 nemo
2202 2978 2319 3039 erit
2361 2986 2487 3036 tam
2521 2976 2853 3055 improbuS,
2892 2975 2997 3053 qui
3034 2993 3153 3035 non

674 3075 940 3134 fateatur
995 3092 1206 3135 revera
1263 3074 1745 3134 coniurationem
1804 3092 1937 3134 esse
1991 3074 2224 3135 factam.
2319 3072 2464 3134 Mihi
2518 3074 2751 3135 consuli
2800 3090 3153 3152 persuasum

674 3179 799 3237 est,
842 3171 1023 3229 immo
1059 3178 1230 3229 certo
1261 3170 1412 3236 seio,
1449 3167 1766 3229 Catilinam
1803 3169 1978 3229 nobis
2016 3168 2295 3231 omnibus
2328 3169 2575 3229 caedem
2607 3169 2856 3238 minari,
2894 3166 3154 3229 Senatus

672 3263 822 3324 mihi
862 3263 1014 3323 haee
1057 3265 1284 3324 dicenti
1330 3264 1512 3324 fidem
1552 3263 1800 3332 habuit,
1854 3265 2236 3343 munivitque
2278 3284 2379 3325 me
2422 3264 2562 3326 Scto
2604 3266 2989 3346 gravissimu,
3034 3284 3155 3343 quo

672 3380 797 3421 non
853 3379 986 3420 sum
1043 3380 1262 3421 usurus
1318 3378 1395 3419 ne
1439 3359 1703 3420 crudelis
1746 3360 1843 3419 vel
1886 3376 1991 3419 rex
2034 3363 2165 3421 esse
2210 3362 2433 3423 videar.
2534 3362 2613 3422 At
2663 3362 2763 3423 vel
2812 3361 2897 3421 sic
2949 3369 3155 3421 tamen

671 3456 823 3515 dieis
867 3454 1216 3517 Ciceronem
1256 3458 1628 3517 luculentam
1667 3456 1825 3516 hanc
1870 3458 2203 3517 orationem
2245 3458 2707 3537 conscripsisse?

753 3646 924 3707 Nunc
964 3654 1028 3707 ut
1069 3664 1107 3708 a
1147 3666 1236 3707 me
1275 3648 1342 3708 P.
1384 3646 1438 3709 0.
1768 3648 1914 3709 cives
1954 3654 2133 3709 nwrte
2182 3649 2583 3709 multaverunt.
2665 3682 2748 3694 --
2788 3664 2942 3707 num
2996 3653 3065 3707 ut
3119 3665 3156 3705 a

671 3764 760 3804 me
814 3744 880 3805 P.
929 3744 986 3805 G.
1046 3755 1186 3806 cett.
1271 3745 1385 3815 Qui
1443 3756 1719 3806 accurate
1776 3746 1927 3825 legit
1996 3756 2058 3807 et
2120 3747 2367 3826 relegit,
2410 3762 2564 3826 quae
2609 3754 2951 3825 sequuntur
2992 3742 3154 3823 apud

672 3850 979 3910 nostrum,
1021 3841 1196 3902 facile
1236 3842 1384 3903 mihi
1421 3843 1615 3912 dabit,
1657 3843 1823 3922 quod
1861 3862 2042 3922 supra
2078 3844 2280 3921 posui,
2336 3842 2447 3901 has
2490 3842 2843 3920 quisquilias
2878 3849 2941 3899 et
2985 3840 3154 3919 incp-

672 3937 788 3994 tias
843 3955 876 3994 a
933 3936 1219 3997 Cicerone
1275 3957 1398 3998 non
1455 3958 1585 4000 esse
1644 3939 1969 4017 prosectas;
2036 3956 2253 4017 operae
2315 3938 2579 4018 pretium
2636 3946 2841 3997 tamen
2895 3943 2993 3995 est
3049 3952 3155 3994 eos

673 4048 914 4110 quoque
955 4031 1166 4092 audire
1201 4034 1304 4110 qui
1355 4052 1526 4093 secus
1563 4034 1929 4093 existimant.
2013 4032 2287 4094 Halmius
2332 4034 2406 4094 ad
2442 4044 2719 4095 nostrum
2758 4033 2958 4091 locum
3000 4029 3156 4090 haec

673 4124 1010 4205 adscripsit:
1073 4125 1288 4187 »Diese
1343 4126 1848 4208 Rechtfertigung
1903 4128 2015 4189 des
2068 4128 2276 4189 Cicero
2328 4148 2441 4190 vor
2480 4129 2601 4189 den
2642 4145 2891 4207 ganz-em
2927 4125 3155 4187 Vader-

671 4221 850 4281 lande
893 4225 1054 4302 triigt
1088 4242 1164 4282 zu
1207 4222 1348 4282 sehr
1387 4223 1495 4283 das
1537 4221 1810 4304 Gepriige'
1850 4225 1961 4284 der
2000 4225 2210 4286 kalten
2247 4225 2673 4307 Ueberlegung
2708 4225 2835 4285 und
2870 4221 3155 4284 sichel-en

671 4314 1099 4398 Berechnung‚
1149 4319 1240 4379 als
1293 4318 1430 4378 dass
1467 4338 1610 4379 man
1658 4318 2000 4381 annehmen
2042 4320 2305 4390 konnte,
2343 4322 2449 4382 das
2488 4322 2577 4381 sie
2620 4320 2826 4381 Cicero
2870 4320 2934 4379 in
2978 4320 3157 4380 einer

669 4410 862 4481 Rode,
901 4414 1006 4474 die
1045 4425 1218 4475 sonzt
1241 4417 1412 4496 'gans
1455 4416 1576 4477 den
1611 4414 1947 4477 Charakter
1987 4418 2123 4477 eine
2162 4415 2572 4498 Stegreifrede
2610 4422 2799 4498 triigt,
2842 4417 2906 4477 in
2947 4416 3154 4477 dieser

669 4506 851 4571 Form
894 4532 1089 4593 gegen
1130 4514 1252 4575 den
1291 4512 1550 4574 Catilina
1583 4513 1954 4593 engebracht
1982 4513 2194 4575 habe.''
2274 4514 2475 4595 Igitur
2506 4515 2715 4577 Cic-nro
2750 4532 2891 4594 prae
2927 4515 3154 4575 ceteris

669 4605 826 4667 hanc
867 4612 1158 4671 orationis
1199 4620 1432 4690 partem
1485 4612 1771 4679 corr-exitu
1815 4611 2077 4672 vidimus
2122 4612 2426 4693 quomodo
2468 4633 2563 4683 ea,
2606 4631 2763 4691 quae
2806 4620 3155 4691 sequuntur

670 4702 1034 4767 cohaereant
1076 4724 1374 4787 quamque
1417 4708 1642 4768 insulsa
1686 4708 1832 4775 sint;
1876 4724 2309 4789 persequamur
2350 4709 2532 4771 etiam
2575 4709 2791 4790 ecquid
2835 4708 2940 4777 sit,
2984 4707 3152 4789 quod
