3375 5500
1817 450 1907 512 48

637 655 1205 731 inflammandam
1264 653 1510 726 urbem
1573 678 1998 753 comparare3
2068 655 2156 727 sit
2213 655 2511 754 denique
2563 658 2974 760 inscriptum
3022 667 3101 742 in

637 785 862 860 fronte
934 783 1482 882 uniuscuiusque
1545 783 1715 881 quid
1794 783 1881 857 de
1958 783 2309 882 republica
2370 784 2641 862 sentiat.
2761 791 3097 868 Polliceor

641 915 836 989 vobis
884 915 1014 988 hoc
1065 913 1160 1005 ⁷³)
1187 971 1207 1001 ‚
1257 920 1487 1012 patres
1541 913 1945 1013 conscripti,
2006 919 2273 988 tantam
2330 913 2402 988 in
2450 915 2649 990 nobis
2694 921 3099 998 consulibus

645 1049 788 1122 fore
855 1041 1284 1141 diligentiam
1310 1099 1330 1130 ,
1399 1048 1668 1116 tantam
1739 1042 1813 1115 in
1878 1041 2070 1116 vobis
2131 1042 2603 1116 auctoritatem
2624 1103 2645 1132 ,
2704 1053 2973 1124 tantam
3019 1051 3097 1126 in

641 1173 996 1274 equitibus
1053 1169 1389 1243 Romanis
1450 1170 1813 1258 virtutem,
1890 1177 2156 1244 tantam
2200 1165 2274 1243 in
2321 1171 2644 1248 omnibus
2688 1173 2891 1250 bonis
2932 1203 3093 1252 con-

640 1303 1063 1388 sensionem,
1095 1305 1178 1371 ut
1217 1298 1552 1372 Catilinae
1593 1299 2007 1398 profectione
2040 1299 2271 1374 omnia
2304 1300 2681 1398 patefacta,
2717 1304 3093 1398 illustrata,

637 1455 962 1531 oppressa
984 1487 1004 1517 ‚
1055 1426 1396 1502 vindicata
1441 1451 1588 1501 esse
1638 1427 1946 1502 videatis,

726 1587 788 1656 75)
823 1591 921 1640 hoc
954 1587 1112 1639 vobis.

625 1927 705 1956 -.-·-
747 1893 822 1954 sit
883 1892 1123 1971 denique
1176 1891 1515 1970 inscriptam
1564 1893 1628 1952 in
1677 1891 1869 1969 fronte
1918 1890 2183 1970 cuiusque
2230 1898 2368 1950 cett.
2454 1886 2706 1970 Denique
2766 1891 3104 1972 significat,

623 1990 786 2068 quod
829 2007 938 2050 nos
987 1989 1270 2049 dicimus:
1322 2007 1445 2050 uno
1502 1988 1704 2049 verbo.
1802 1987 1925 2049 Sed
1966 1986 2287 2046 ridiculum
2342 1993 2435 2046 est
2492 2003 2653 2044 nunc
2708 1987 2926 2047 ultimo
2966 1989 3104 2050 loco

623 2103 870 2164 ponere:
917 2092 1025 2143 »ut
1068 2085 1422 2163 inscriptum
1466 2087 1545 2146 sit
1567 2086 2041 2164 uniuscuiusque
2062 2084 2279 2152 fronti,
2321 2082 2467 2162 quid
2510 2082 2584 2142 de
2616 2085 2923 2163 republica
2966 2106 3104 2148 sen-

623 2180 802 2250 tiat;''
844 2200 1042 2259 neque
1107 2181 1258 2242 adeo
1307 2183 1712 2244 necessarium
1770 2191 1901 2242 erat
1954 2182 2004 2242 si
2057 2179 2311 2259 improbi
2366 2181 2779 2250 secessissent,
2834 2192 2897 2243 et
2947 2201 3011 2242 se
3064 2203 3105 2242 a

621 2277 796 2338 bonis
839 2279 1217 2348 secrevisset;
1259 2281 1452 2340 multo
1493 2280 1694 2340 minus
1738 2298 1887 2358 opus
1927 2277 2045 2339 hoc
2079 2287 2211 2338 erat
2254 2277 2303 2337 si
2341 2294 2482 2339 vera
2525 2287 2669 2338 sunt
2703 2298 2853 2358 quae
2888 2281 3105 2359 paullo

619 2383 755 2450 post
782 2374 1094 2451 leguntur:
1139 2373 1468 2436 »Catilinae
1491 2376 1861 2455 profectione
1886 2376 2083 2437 omnia
2113 2373 2437 2454 patefacta,
2470 2374 2770 2437 illustrata
2796 2405 2877 2418 -——
2909 2373 3107 2437 sore.”

618 2500 699 2513 --—
749 2466 1026 2546 polliceor
1071 2501 1152 2514 --
1200 2468 1328 2546 fore
1383 2477 1605 2530 tantam
1659 2470 1725 2530 in
1768 2470 1923 2530 vobis
1984 2469 2395 2532 auctoritatem.
2480 2467 2601 2530 Sed
2656 2469 2773 2531 hoc
2826 2469 2901 2530 ab
2963 2470 3105 2550 ipso

622 2574 838 2625 senatu
881 2566 1212 2644 pendebat,
1255 2577 1327 2628 ut
1363 2570 1693 2630 sustineret
1738 2569 2158 2628 auctoritatem
2195 2585 2395 2636 suam3
2438 2567 2667 2627 ordinis
2696 2565 2859 2628 illius
2890 2575 3103 2626 aucto-

616 2660 764 2718 ritas
820 2678 944 2722 non
1007 2663 1216 2724 deerat
1277 2664 1643 2745 reipublicae
1702 2675 1771 2729 ut
1828 2674 1920 2727 est
1962 2663 2010 2744 ᾗ
2052 2665 2106 2723 1.
2190 2662 2413 2724 Consul
2461 2662 2611 2724 illud
2660 2662 2932 2742 polliceri
2968 2680 3102 2722 non

614 2767 868 2836 poterat.
971 2793 1054 2805 -—-
1101 2762 1166 2822 in
1226 2763 1487 2826 omnibus
1549 2763 1710 2823 bonis
1764 2761 2213 2830 consensionem,
2276 2758 2561 2821 Latinum
2616 2776 2737 2819 non
2798 2768 2921 2827 est,
2986 2758 3099 2821 sed

614 2854 700 2913 ita
745 2857 1049 2935 scripsisse
1093 2858 1336 2920 videtur
1375 2857 1588 2919 rhetor
1623 2866 1695 2917 ut
1735 2858 2095 2938 praepositio
2132 2856 2197 2917 in
2240 2855 2631 2917 adhiberetur
2659 2854 2842 2915 etiam
2877 2854 2944 2913 in
2977 2852 3099 2913 hac

615 2953 953 3013 sententiae
997 2963 1166 3033 parte
1211 2965 1281 3018 ut
1322 2964 1415 3014 est
1451 2956 1516 3015 in
1559 2954 1837 3021 omnibus
1879 2953 2145 3031 reliquia.
2229 2950 2561 3013 Dicendum
2605 2951 2819 3013 suisset
2861 2966 3099 3011 consen-

615 3046 828 3107 sionem
870 3048 1020 3107 inter
1062 3067 1256 3110 onmes
1305 3050 1487 3111 bonna.
1563 3049 1715 3111 Male
1772 3048 2043 3111 Halmius
2086 3048 2344 3127 explicat
2394 3048 2544 3109 illud
2597 3046 2875 3107 omnibus
2916 3044 3103 3105 bonis

615 3160 752 3219 per:
797 3141 956 3203 aden
985 3142 1258 3223 Biirgern
1293 3144 1400 3208 des
1437 3145 1666 3207 dritten
1702 3144 2025 3211 Standes,''
2070 3162 2135 3203 ac
2170 3144 2222 3203 si
2258 3142 2517 3203 omnibus
2540 3141 2723 3212 boniS,
2768 3140 3101 3203 Senatores

619 3247 683 3296 et
725 3236 978 3315 Equites
1023 3256 1146 3298 non
1193 3248 1397 3300 essent
1439 3240 1891 3301 adnumerandi.
1973 3273 2055 3285 -
2096 3244 2159 3299 ut
2204 3237 2487 3299 Catilinae
2518 3236 2886 3317 profectione.
2950 3236 3099 3298 Pro-

619 3333 804 3393 fectio
864 3334 1058 3393 multo
1113 3333 1465 3399 honestiore
1523 3354 1707 3395 sensu
1758 3336 1913 3395 solet
1970 3336 2185 3413 accipi,
2254 3352 2433 3413 quam
2488 3334 2591 3413 qui
2646 3334 2711 3395 in
2775 3331 3099 3392 Catilinam

617 3430 810 3489 cadat.
897 3428 1018 3491 Sed
1059 3429 1123 3490 id
1167 3429 1327 3507 quod
1379 3430 1604 3491 dicitur
1650 3430 1713 3491 h.
1753 3431 1791 3489 l.
1837 3450 1871 3490 a
1906 3429 2180 3497 rhetore,
2214 3429 2524 3489 luculento
2560 3438 2917 3509 argumento
2959 3446 3097 3489 esse

617 3534 818 3603 potest
841 3543 1020 3604 quam
1055 3534 1234 3604 turpe
1271 3525 1468 3587 adhuc
1497 3527 1642 3587 viris
1678 3526 1873 3587 doctis
1907 3524 2251 3604 impositum
2287 3525 2397 3593 sit,
2438 3526 2543 3604 qui
2571 3525 2727 3587 hanc
2757 3524 3099 3585 orationem

617 3621 945 3699 genuinam
999 3639 1128 3681 esse
1194 3623 1690 3685 existimaverint.
1808 3621 1945 3684 Scil.
2007 3621 2121 3683 hac
2182 3620 2248 3680 in
2309 3640 2375 3683 re
2439 3639 2646 3683 omnes
2708 3621 3097 3684 consentiant

617 3734 866 3777 necesse
909 3728 1026 3787 est,
1071 3719 1407 3781 orationem
1449 3740 1483 3779 a
1521 3719 1809 3781 Cicerone
1862 3738 1993 3781 esse
2036 3718 2262 3779 editam
2304 3718 2611 3797 aliquanto
2641 3726 2775 3802 post
2816 3716 3097 3779 coniura-

618 3811 877 3876 tionem:
920 3824 989 3873 ut
1032 3816 1147 3877 alia
1193 3828 1548 3898 argumenta
1589 3820 1860 3887 mittam,
1910 3817 2008 3879 vel
2052 3815 2128 3877 ob
2160 3814 2277 3875 hoc
2317 3814 2611 3878 disertum
2662 3812 2931 3877 Sallustii
2975 3821 3097 3872 tes·

618 3908 938 3972 timonium
974 3909 1034 3970 B.
1079 3911 1138 3971 C.
1178 3914 1284 3974 31:
1343 3914 1539 3975 »Tum
1575 3913 1648 3975 Μ.
1698 3913 1929 3975 Tullius
1964 3948 2047 3959 -
2094 3912 2429 3974 orationem
2469 3910 2683 3971 habuit
2719 3908 3095 3969 luculentam

621 4012 803 4081 atque
851 4005 1064 4067 utilem
1115 4010 1509 4089 reipublicae,
1565 4029 1740 4091 qaam
1788 4016 1987 4089 postea
2042 4007 2313 4085 scriptam
2360 4006 2587 4067 edidit?
2669 4004 3099 4085 Imprudenter

616 4100 914 4163 mentitur
963 4114 1318 4181 personatus
1366 4105 1574 4166 Cicero
1599 4112 1604 4115 '
1625 4107 1731 4185 qui
1778 4106 1929 4167 haec
1967 4103 2245 4166 Patribus
2293 4102 2649 4182 conscriptis
2703 4100 3098 4183 polliceatur:

621 4204 730 4255 »ut
765 4197 1138 4275 profectione
1172 4198 1468 4263 Catilinae
1491 4204 1693 4264 omnia
1722 4202 2050 4283 patefacta,
2071 4200 2399 4269 illustrata,
2441 4218 2745 4282 oppressa,
2786 4196 3097 4259 vindicata

619 4306 752 4352 esse
803 4293 1136 4355 viderent.”
1225 4295 1376 4357 Nam
1426 4307 1664 4358 constat
1726 4296 2209 4358 coniurationem
2258 4305 2390 4356 tum
2440 4294 2684 4359 demum
2732 4291 3097 4379 patefactam

623 4406 781 4457 esse,
823 4409 1042 4469 quum,
1085 4391 1513 4475 Allobrogibus
1556 4395 1620 4456 in
1651 4404 1836 4476 ponte
1876 4393 2098 4456 Mulvio
2134 4412 2271 4455 cum
2302 4392 2633 4454 coniuratis
2672 4392 2889 4470 captis,
2928 4390 3095 4449 litte·

618 4502 722 4545 rae
781 4485 856 4545 ad
901 4486 1250 4552 Ciceronem
1309 4500 1753 4570 pervenerunt,
1805 4490 2025 4571 quibus
2084 4489 2281 4559 omnia
2334 4487 2631 4572 patefacta
2678 4496 2741 4551 et
2789 4486 3097 4571 illustrata

621 4599 752 4641 esse
796 4582 915 4647 dici
965 4596 1216 4663 possunt
1261 4584 1397 4650 Sall.
1443 4586 1504 4649 B.
1552 4587 1610 4650 C.
1654 4590 1751 4649 48.
1835 4587 1928 4648 Ab
1979 4584 2405 4665 Allobrogibus
2454 4583 2758 4647 indicibus
2796 4578 3093 4667 nominati

623 4685 764 4735 sunt
814 4678 884 4747 ii,
934 4682 1038 4757 qui
1087 4682 1588 4755 coniuraverunt;
1647 4702 1860 4759 eorum
1921 4683 2215 4746 indicium
2263 4681 2631 4760 descriptum
2686 4679 2762 4739 ab
2812 4676 3095 4739 omnibus

622 4768 884 4838 librariis
919 4777 1138 4855 passim
1179 4778 1441 4846 divisum
1481 4791 1576 4849 est
1618 4790 1799 4864 atque
1836 4780 2068 4848 editum
2095 4779 2317 4863 populo
2358 4777 2643 4844 Romano.
2684 4776 2802 4839 Cic.
2830 4796 2901 4859 p..
2922 4774 3095 4857 Sylla
