3375 5500
1463 374 1506 434 9

260 601 418 674 ceps
434 609 453 664 3
523 580 718 649 notat
786 581 857 648 et
927 575 1244 674 designat
1327 575 1544 651 oculis
1609 577 1710 687 ad*
1776 576 2059 651 caedem
2136 605 2709 683 unumquemque

257 713 594 780 nostrum.
697 701 845 778 Nos
901 711 1135 778 autem
1159 763 1177 792 ,
1246 703 1372 778 viri
1426 704 1636 779 fortes
1681 705 1743 796 ³)
1770 763 1788 793 ,
1857 705 2243 783 satisfacere
2296 711 2711 810 reipublicae

257 833 602 922 videmur,
655 835 714 907 si
758 833 962 908 istius
1004 834 1308 920 furorem
1361 857 1440 906 ac
1485 834 1624 908 tela
1673 834 1999 909 vitemus.
2098 837 2217 910 Ad
2261 847 2551 915 mortem
2603 849 2711 930 te,

257 962 560 1038 Catilina
576 1023 595 1052 ,
644 955 806 1037 duci
841 962 1040 1035 iussu
1075 961 1378 1035 consulis
1425 961 1836 1061 iampridem
1874 963 2237 1062 oportebat
2252 1025 2273 1054 ‚
2317 966 2390 1040 in
2441 977 2511 1042 te
2550 993 2711 1044 con-

253 1091 422 1166 ferri
477 1099 744 1192 pestem
800 1089 1008 1164 istam
1056 1089 1158 1182 4),
1226 1113 1438 1188 quam
1485 1097 1570 1163 tu
1618 1089 1694 1163 in
1758 1113 1886 1164 nos
1940 1116 2179 1167 omnes
2220 1094 2283 1187 ὅ)
2338 1095 2605 1172 iamdiu
2644 1099 2705 1188 ⁶)

247 1221 693 1296 machinaris,
795 1221 860 1293 3.
913 1219 1027 1292 An
1069 1241 1226 1292 vero
1264 1217 1366 1291 vir
1409 1217 1877 1316 amplissimus
1898 1280 1919 1307 ,
1968 1219 2048 1294 P.
2094 1221 2321 1320 Scipio
2339 1281 2360 1310 ‚
2402 1225 2712 1323 pontifex

246 1349 607 1424 maximus
625 1408 646 1437 ‚
696 1348 800 1424 Ti.
835 1349 894 1440 7)
939 1347 1328 1421 Gracchum
1350 1406 1370 1434 ,
1419 1346 1853 1421 mediocriter
1886 1347 2413 1426 labefactantem
2450 1362 2711 1429 statum

241 1478 671 1577 reipublicae
691 1537 712 1566 ‚
760 1477 1066 1576 privatus
1104 1475 1481 1564 interfecit,
1523 1474 1895 1550 Catilinam
1908 1535 1929 1565 ,
1971 1476 2207 1551 orbem
2247 1487 2465 1554 terrae
2501 1482 2709 1556 caede

241 1615 465 1705 atque
517 1605 852 1680 incendiis
905 1612 1168 1680 vastare
1233 1604 1625 1704 cupientem
1679 1629 1808 1678 nos
1862 1605 2175 1679 consules
2236 1606 2657 1705 perferemus
2675 1611 2710 1683 i>

241 1737 440 1809 Nam
482 1735 600 1810 illa
639 1734 846 1808 nimis
887 1735 1174 1834 antiqua
1211 1738 1592 1832 praetere0‚
1635 1733 1825 1830 quod
1850 1732 1927 1806 C.
1963 1731 2289 1806 Servilius
2325 1734 2550 1810 Ahala
2590 1737 2706 1834 Sp.

305 1877 352 1946 ³)
385 1881 537 1933 fortes
571 1882 682 1932 viri.
796 1879 1214 1950 ⁴)1stam.0mis.
1337 1877 1378 1947 ⁵)
1412 1893 1602 1930 omnes.
1637 1880 1783 1930 omis.
1896 1875 1937 1945 ⁶)
1972 1879 2228 1944 namsia}
2331 1875 2372 1946 ⁷)
2410 1881 2690 1934 Tiberium.

240 2184 484 2244 etiamsi
519 2184 638 2244 dici
674 2190 902 2262 posset,
944 2181 1098 2242 nihil
1133 2181 1527 2262 significaret,
1566 2199 1746 2259 quam
1776 2180 1905 2248 illa,
1941 2199 2095 2259 quae
2126 2182 2521 2260 praecedunt;
2564 2204 2718 2264 quae

239 2279 438 2358 igitur
476 2278 620 2338 huic
660 2278 910 2357 periodo
952 2276 1148 2339 inesse
1183 2278 1427 2338 videtur
1468 2277 1772 2357 gradatio,
1814 2276 2063 2336 omnino
2097 2277 2281 2355 perit;
2325 2278 2510 2339 immo
2552 2280 2719 2341 addi-

240 2379 348 2436 tis:
407 2383 605 2437 »notat
647 2382 700 2436 et
746 2373 1009 2452 desiynat
1049 2373 1230 2433 ocutis
1277 2371 1581 2454 (ultimum
1630 2371 1989 2434 vocabulum
2039 2372 2257 2433 melius
2315 2375 2719 2459 omitteretur)

241 2473 326 2531 ad
381 2473 604 2532 caedem
649 2487 1092 2551 unamquemque
1145 2469 1462 2539 nostram,’'
1520 2468 1780 2529 absurda
1836 2477 1958 2528 est:
2013 2488 2180 2538 nam,
2222 2480 2293 2530 ut
2332 2471 2447 2532 hoc
2488 2473 2715 2534 faceret

240 2569 529 2638 Catilina,
577 2588 701 2629 non
752 2586 900 2646 opus
941 2576 1074 2627 erat
1123 2567 1187 2628 in
1231 2564 1522 2626 Senatum
1557 2566 1796 2634 venire,
1838 2565 1984 2644 quin
2028 2566 2213 2625 etiam
2251 2567 2417 2627 illam
2458 2569 2717 2628 notatio-

243 2685 393 2726 nem
429 2673 564 2725 tuto
597 2673 876 2745 potuerat
912 2662 1166 2722 Catilina
1199 2663 1481 2723 omittere
1518 2663 1567 2722 si
1603 2679 2049 2741 unamquemque
2074 2663 2111 2722 i.
2134 2681 2184 2721 e.
2215 2679 2406 2723 onmes
2432 2670 2720 2725 senatores

247 2764 326 2822 ad
369 2762 617 2823 caedem
665 2761 982 2839 designare
1034 2761 1234 2821 vellet.
1283 2794 1366 2805 —-
1415 2778 1519 2819 nos
1567 2766 1756 2819 autem
1804 2758 1917 2819 viri
1964 2758 2144 2836 fortes
2183 2778 2291 2838 per
2330 2760 2586 2821 ironiam
2629 2761 2717 2822 di-

244 2870 506 2934 cuntur,
545 2867 614 2918 ut
666 2857 1002 2935 satisfacere
1050 2858 1223 2937 reip„
1275 2875 1428 2935 quae
1479 2857 1674 2917 ironia
1723 2855 1867 2916 huic
1908 2855 2040 2916 loco
2081 2874 2461 2935 nequaquam
2502 2877 2717 2922 conve-

246 2957 354 3015 nit.
399 2990 482 3001 --
521 2956 600 3014 ad
642 2959 877 3013 mortem
925 2954 1092 3023 daci,·
1141 2952 1257 3013 hoc
1305 2952 1376 3013 fit
1427 2953 1490 3012 in
1540 2952 1981 3020 condemnatiS,
2038 2952 2103 3011 in
2152 2951 2433 3021 addictiS,
2490 2954 2555 3012 in
2610 2954 2715 3022 iis,

245 3052 467 3129 quibus
502 3070 535 3109 a
569 3050 928 3130 magistratu
962 3068 1176 3110 manus
1211 3050 1431 3110 iniecta
1467 3060 1589 3109 est:
1629 3047 1900 3109 Muretus
1930 3048 1967 3106 l.
2006 3048 2043 3107 l.
2081 3066 2134 3126 p.
2176 3046 2322 3108 538:
2359 3067 2481 3110 non
2518 3060 2717 3128 potest

244 3148 436 3227 igitur
477 3148 596 3208 dici
648 3148 723 3207 dc
775 3163 875 3213 eo,
928 3147 1030 3225 qui
1088 3144 1455 3206 interficitur
1514 3164 1590 3204 ex
1647 3142 1810 3204 Seto:
1860 3142 2089 3205 videant
2138 3144 2396 3205 consules
2444 3156 2585 3206 cett.
2636 3180 2718 3191 --

243 3278 325 3289 ———
368 3243 624 3321 conferri
659 3250 894 3322 pestem,
939 3244 1196 3304 latinum
1245 3261 1368 3302 non
1425 3252 1542 3312 est3
1585 3242 1951 3303 conferimus
2000 3241 2163 3301 enim
2205 3242 2293 3311 id,
2337 3244 2497 3321 quod
2541 3253 2719 3304 antea

243 3344 615 3403 disiunctum
649 3341 747 3401 vel
789 3350 1130 3421 separatum
1165 3350 1321 3410 erat;
1363 3349 1595 3420 pestem
1631 3358 1779 3401 vero
1820 3358 2165 3419 numquam.

326 3438 420 3499 Aa
446 3454 576 3498 vero
603 3436 692 3497 vir
719 3436 1110 3515 amplissimas
1137 3472 1298 3483 —--
1327 3456 1431 3497 nos
1461 3436 1721 3499 consules
1748 3436 2029 3497 desumus.
2112 3471 2193 3481 —
2212 3436 2302 3497 vir
2330 3436 2719 3515 amplissimus

247 3546 314 3594 ut
373 3534 597 3615 Scipio,
653 3532 948 3614 privatus,
1009 3536 1228 3594 melius
1291 3542 1699 3613 opponeretur
1760 3532 2133 3600 consulibus,
2191 3531 2506 3612 epitheton
2562 3531 2717 3593 illud

247 3632 650 3692 omittendum
691 3630 921 3689 fuisset.
1005 3628 1192 3708 Magis
1233 3631 1456 3689 iterum
1498 3638 1856 3708 personatus
1898 3628 2107 3689 Cicero
2147 3628 2205 3687 h.
2249 3628 2286 3685 l.
2330 3646 2461 3687 rem
2503 3635 2717 3705 auget,

247 3748 428 3805 quam
463 3728 626 3808 quod
661 3724 904 3787 defendi
940 3726 1152 3803 possit:
1196 3724 1280 3783 Ti.
1319 3722 1652 3785 Gracchum
1686 3722 2043 3783 mediocriter
2081 3720 2457 3797 labefactasse
2489 3728 2717 3780 statum

249 3826 428 3904 reip.,
470 3823 706 3905 (melius
747 3833 911 3883 certe
954 3840 1028 3883 eo
1068 3841 1210 3882 casu
1252 3822 1498 3891 suisset,
1541 3831 1610 3880 ut
1653 3818 1852 3899 Scipio
1898 3827 2073 3879 caute
2114 3836 2329 3879 manus
2371 3839 2406 3879 a
2448 3816 2715 3879 Graccho

250 3921 689 4002 abstinuisset),
740 3918 1056 3980 Catilinam
1100 3919 1306 3980 orbem
1350 3928 1549 3978 terrae
1592 3916 1775 3977 caede
1818 3925 2000 3995 atque
2044 3914 2326 3975 incendio
2358 3920 2584 3976 vastare
2623 3931 2717 3974 cu-

246 4036 396 4094 pere.
478 4018 794 4079 Catilinam
850 4018 1013 4077 enim
1075 4017 1323 4096 templa,
1388 4015 1627 4084 urbem,
1678 4012 1912 4075 Italiam
1968 4023 2203 4075 vastare
2254 4032 2387 4075 esse
2436 4022 2718 4074 conatum

253 4114 399 4177 dicit
441 4114 648 4177 Cicero
691 4134 744 4175 v.
789 4133 835 4174 c.
879 4115 944 4175 in
981 4113 1140 4175 Orat.
1185 4135 1238 4193 p.
1283 4113 1497 4173 Flacco
1539 4112 1669 4172 init.
1716 4128 1947 4190 »quum
1989 4111 2334 4171 vastitatem
2377 4130 2411 4170 a
2446 4108 2716 4187 templis,

254 4210 544 4281 delubriS,
581 4212 764 4281 urbe,
799 4211 969 4274 ltalia
1005 4210 1438 4295 depellebam:”
1481 4228 1622 4270 eum
1658 4226 1805 4271 vero
1840 4207 2046 4268 orbem
2082 4217 2280 4267 terrae
2317 4205 2499 4265 caede
2535 4212 2715 4281 atque

254 4306 547 4370 incendiis
608 4320 843 4370 vastare
906 4329 1126 4389 cupere
1193 4311 1446 4370 stultum
1510 4316 1619 4368 est.
1681 4340 1764 4351 ——-
1826 4303 1999 4365 nimis
2058 4303 2311 4381 antiqua.
2416 4298 2718 4375 Antiquus

255 4406 577 4483 opponitur
619 4425 800 4475 novo,
843 4416 1016 4467 vetus
1052 4407 1309 4466 recenti:
1354 4423 1506 4485 quae
1551 4404 1655 4464 diu
1694 4412 1833 4461 ante
1869 4400 2025 4459 sacta
2060 4409 2226 4465 sunt,
2269 4405 2475 4457 vetera
2512 4395 2717 4455 dicun-

257 4507 358 4557 tur
401 4521 452 4561 v.
497 4522 574 4562 c.:
639 4502 796 4562 »Cur
837 4504 1025 4582 igitur
1068 4503 1188 4562 duo
1231 4500 1571 4583 Scipiones,
1614 4497 1973 4557 fortissimos
2015 4504 2077 4553 et
2120 4493 2376 4574 optimos
2418 4491 2610 4558 viroS,
2653 4490 2716 4548 in

258 4590 538 4674 Hispania
576 4598 810 4659 Poenus
847 4599 1178 4678 oppressit?
1241 4599 1359 4659 Cur
1395 4596 1685 4657 Maximus
1720 4592 1937 4653 extulit
1976 4590 2166 4650 fllium
2200 4586 2609 4663 consularem?
2638 4619 2718 4629 -

259 4688 376 4751 Cur
425 4695 770 4757 Africanum
820 4696 1130 4757 domestici
1184 4697 1443 4776 parietes
1489 4712 1610 4755 non
1657 4688 1975 4753 texerunt?
2060 4686 2179 4751 Sed
2225 4686 2377 4752 haec
2418 4689 2605 4746 vetera
2652 4690 2716 4743 et
