3375 5500
1832 389 1921 451 44

661 605 784 703 qui
821 625 1014 701 spem
1054 597 1390 674 Catilinae
1425 595 1750 670 mollibus
1789 596 2147 669 sententiis
2182 598 2501 671 aluerunt
2540 598 3114 678 coniurationem-

661 757 798 834 que
869 736 1266 805 nascentem
1327 751 1468 800 non
1531 725 1873 798 credendo
1920 725 2558 816 corroboraverunt3
2609 752 2905 826 quorum
2951 755 3116 805 auc-

659 861 1009 936 toritatem
1087 856 1304 931 secuti
1379 854 1621 941 multi,
1700 877 1839 926 non
1912 853 2137 927 solum
2198 854 2529 952 improbi,
2602 880 2841 931 verum
2904 859 3119 933 etiam

664 987 1002 1088 imperiti,
1083 984 1142 1058 si
1205 983 1280 1057 in
1351 983 1538 1056 hunc
1601 981 2237 1056 animadvertissem
2258 1042 2278 1071 ,
2353 983 2719 1059 crudeliter
2794 995 2864 1060 et
2928 990 3121 1088 regie

666 1119 926 1194 factum
985 1137 1136 1188 esse
1189 1111 1514 1185 dicerent.
1615 1111 1828 1184 Nunc
1877 1111 2188 1209 intelligo
2208 1170 2227 1199 ‚
2280 1112 2339 1185 si
2380 1111 2511 1185 iste
2532 1171 2551 1200 ‚
2602 1138 2741 1211 quo
2781 1114 3120 1206 intendit,

661 1249 734 1322 in
807 1243 1142 1320 Malliana.
1213 1247 1435 1315 castra.
1496 1239 1916 1338 pervenerit,
1982 1240 2331 1314 neminem
2398 1248 2543 1314 tam
2593 1243 2887 1317 stultum
2938 1245 3085 1320 fore
3105 1306 3123 1335 ,

667 1376 790 1477 qui
836 1397 975 1448 non
1025 1371 1255 1445 videat
1297 1369 1837 1444 coniurationem
1882 1393 2031 1442 esse
2069 1369 2320 1443 factam
2340 1428 2359 1457 ‚
2408 1371 2759 1444 neminem
2804 1379 2949 1447 tam
2988 1375 3118 1448 im-

660 1502 958 1604 probum
975 1559 995 1589 ‚
1065 1498 1188 1597 qui
1249 1522 1390 1571 non
1460 1496 1777 1571 fateatur.
1879 1496 2038 1572 Hoc
2101 1503 2335 1572 autem
2389 1523 2528 1572 uno
2573 1499 2933 1576 interfecto
2948 1561 2968 1590 ,
3020 1503 3123 1576 in-

661 1633 899 1730 telligo
965 1629 1144 1702 hanc
1217 1626 1634 1726 reipublicae
1696 1631 1961 1726 pestem
2028 1627 2401 1726 paullisper
2473 1627 2791 1726 reprimi,
2860 1653 3003 1704 non
3054 1632 3126 1706 in

663 1766 1080 1862 perpetuum
1143 1756 1507 1856 comprimi
1577 1779 1801 1856 posse.
1904 1755 2116 1833 Quod
2184 1755 2243 1829 si
2303 1779 2375 1829 se
2430 1755 2700 1830 eiecerit
2748 1781 3126 1857 secumque

667 1915 828 1966 suos
897 1886 1211 1962 eduxerit
1271 1893 1343 1958 et
1409 1885 1652 1960 eodem
1714 1891 1975 1958 ceteros
2039 1883 2349 1982 undique
2388 1884 2706 1958 collectos
2756 1886 3129 1985 naufragos

666 2013 1146 2117 aggregaverit
1213 2015 1308 2105 ⁷⁰)
1330 2071 1349 2100 ‚
1441 2011 1924 2110 exstinguetur
2006 2019 2216 2110 atque
2301 2011 2643 2086 delebitur
2708 2037 2849 2086 non
2919 2015 3131 2090 modo

752 2175 820 2247 νο)
853 2173 1151 2242 aggrega-it,

664 2500 886 2562 Obiicit
941 2505 1146 2557 autem
1203 2491 1616 2560 senatoribus,
1672 2510 1825 2570 quos
1880 2492 2238 2571 alloquitur,
2294 2492 2355 2551 in
2405 2510 2480 2552 eo
2524 2493 2735 2554 ordine
2776 2494 2960 2554 fuisse
2980 2542 2994 2563 ‚
3040 2497 3143 2574 qui

663 2599 809 2659 satis
865 2593 1092 2673 stupidi
1141 2600 1204 2652 et
1245 2589 1500 2652 hebetes
1541 2597 1775 2656 essent,
1819 2587 1982 2666 quod
2016 2605 2139 2646 non
2175 2587 2616 2648 intellexissent
2657 2590 3140 2651 coniurationem

663 2694 828 2763 fieri,
884 2691 982 2753 vel
1039 2689 1186 2749 satis
1241 2687 1498 2767 improbi
1555 2684 1749 2765 quod,
1806 2703 1993 2764 quum
2041 2684 2335 2745 vidissent
2378 2684 2741 2765 reipublicae
2783 2687 3139 2751 interituma

663 2790 919 2851 Catilina
988 2785 1217 2866 parari,
1281 2792 1484 2845 tamen
1552 2782 1709 2842 nihil
1766 2782 2101 2843 timendum
2163 2801 2295 2842 esse
2356 2783 2668 2843 dixissent.
2747 2816 2829 2829 -—
2866 2784 3143 2845 mollibus

665 2881 975 2945 sententiis.
1068 2880 1276 2961 Neque
1331 2878 1448 2941 hoc
1506 2890 1598 2941 est
1655 2879 2063 2941 obiiciendum
2119 2880 2391 2949 senatui,
2446 2905 2473 2933 »
2491 2880 2663 2941 cuius
2716 2880 3037 2941 consilium
3090 2890 3151 2941 et

665 2979 994 3043 auctoritas
1050 2996 1176 3041 non
1229 2979 1402 3040 deest
1457 2974 1860 3058 reipublicae’'
1902 2974 1951 3056 ὅ
1992 2975 2045 3035 3.
2110 2974 2363 3055 Insuper
2404 2977 2521 3037 iam
2565 2985 2705 3037 ante
2748 2975 2878 3036 dies
2920 2976 3150 3037 duode-

666 3078 886 3157 viginti
943 3076 1170 3139 sactum
1211 3085 1343 3137 erat
1387 3072 1646 3135 Senatus
1686 3071 2031 3133 consultum
2075 3071 2227 3132 illud
2244 3116 2260 3140 ,
2302 3073 2466 3150 quod
2500 3082 2665 3135 certe
2700 3090 2825 3133 non
2864 3072 3154 3133 mollibus

667 3172 992 3235 sententiis
1033 3181 1164 3233 erat
1200 3172 1516 3250 perlatum.
1601 3167 1723 3229 Sed
1756 3168 1905 3247 quid
1937 3166 2149 3247 plura?
2235 3165 2401 3237 Quae
2442 3166 2501 3228 h.
2525 3168 2562 3228 l.
2598 3169 2889 3247 leguntur
2928 3168 3153 3228 intelli-

639 3267 865 3349 ‚genda
924 3276 1068 3327 sunt
1125 3266 1201 3327 de
1257 3275 1530 3344 tempore
1586 3272 1909 3341 antequam
1964 3264 2205 3325 comitia
2262 3265 2601 3327 consularia
2650 3263 2861 3328 habita
2902 3274 3045 3325 sunt
3091 3275 3154 3325 et

670 3374 838 3425 totus
877 3362 980 3423 hic
1021 3363 1186 3425 locus
1227 3377 1546 3441 expressus
1580 3369 1674 3420 est
1716 3374 1793 3418 ex
1836 3368 1984 3419 orat.
2028 3379 2137 3438 pro
2180 3358 2464 3423 Muraena
2506 3363 2602 3422 25.
2646 3360 2697 3442 S
2738 3361 2833 3423 51.
2913 3392 2997 3407 —-—
3036 3378 3155 3421 non

671 3459 858 3521 solum
899 3456 1174 3535 improbi,
1217 3474 1410 3515 vemm
1451 3454 1624 3515 etiam
1663 3453 1929 3532 imperiti.
1994 3454 2145 3517 Male
2180 3455 2331 3517 haec
2372 3458 2459 3517 ita
2495 3467 2913 3536 opponuntur;
2954 3458 3153 3519 cuius-

670 3575 813 3619 nam
854 3556 945 3615 rei
987 3553 1253 3634 imperiti
1295 3562 1470 3613 erant
1510 3554 1600 3615 illi
1642 3553 1991 3615 senatores?
2073 3552 2230 3615 Num
2272 3553 2746 3617 coniurationis?

749 3650 922 3715 Nunc
985 3648 1246 3728 intelliqo
1260 3695 1276 3718 ,
1341 3650 1393 3709 si
1447 3649 1554 3709 iste
1918 3649 2093 3728 stirps
2154 3667 2225 3709 ac
2288 3668 2475 3712 semen
2535 3650 2821 3711 malorum
2880 3646 3152 3709 ominium.

670 3784 752 3797 —-
791 3749 858 3809 in
899 3746 1190 3809 Malliana
1231 3753 1440 3809 castra.
1517 3745 1679 3809 Haec
1722 3745 1906 3807 verba
1949 3757 2093 3807 sunt
2126 3764 2567 3826 supervacanea
2604 3757 2667 3809 et
2703 3746 2929 3807 insulse
2966 3746 3154 3805 inter-

673 3848 892 3928 posita:
955 3845 1021 3905 in
1077 3843 1247 3907 codd.
1305 3844 1614 3903 nonnullis
1677 3841 1969 3903 Malliana
2024 3844 2339 3904 omittitur.
2423 3842 2573 3903 Nam
2628 3842 2947 3905 intendere
3004 3840 3156 3919 quid

674 3945 785 4011 sit,
828 3942 1118 4002 docemur
1161 3939 1258 4001 his
1300 3940 1502 4001 verbis
1537 3938 1840 4001 Ciceronis
1884 3957 1960 4001 ex
2003 3949 2151 3999 orat.
2196 3959 2249 4017 p.
2294 3937 2442 3999 Mur.
2486 3941 2540 3999 9.
2584 3939 2632 4021 5
2673 3940 2767 4001 22.
2805 3940 2869 3999 in
2910 3936 3153 4016 lepidis—

674 4038 823 4099 sima
859 4036 963 4095 illa
983 4036 1430 4115 comparatione
1455 4034 1564 4095 Icti
1585 4043 1650 4094 et
1671 4036 2070 4115 imperatoris:
2102 4036 2244 4095 »ille
2262 4079 2276 4102 ,
2299 4044 2368 4095 ut
2391 4052 2466 4097 eo
2488 4054 2608 4115 quo
2632 4036 2894 4097 intendit
2914 4044 3155 4099 mature

673 4151 812 4195 cum
848 4131 1120 4193 exercitu
1155 4129 1520 4210 perveniat.”
1557 4130 1594 4187 i.
1639 4148 1689 4189 e.
1728 4147 1849 4207 quo
1884 4131 2003 4191 iter
2038 4131 2332 4200 intendit,
2374 4132 2599 4214 dirigit.
2664 4132 2799 4195 Non
2836 4148 2986 4209 opus
3022 4138 3154 4190 erat

674 4230 899 4291 iterum
935 4224 1330 4289 Senatoribus
1370 4224 1534 4306 (licet
1575 4226 1779 4287 stult-is
1820 4225 1869 4306 S
1910 4226 2005 4287 30.
2050 4237 2113 4289 et
2146 4228 2442 4307 imperitis
2478 4230 2811 4291 secundum
2844 4227 3155 4289 rhetorem

675 4322 975 4405 nostrum)
1039 4324 1106 4385 in
1156 4332 1424 4387 mentem
1487 4340 1771 4385 revocare
1834 4320 2151 4385 Catilinam
2212 4324 2277 4385 in
2332 4334 2525 4386 castra
2570 4325 2847 4387 Malliana
2901 4324 3151 4382 iturum.

674 4452 758 4465 --
813 4417 964 4479 hane
1015 4425 1228 4497 pestem
1286 4419 1538 4499 reprimi.
1623 4418 1856 4482 Iudicat
1917 4420 2411 4481 coniurationem.
2498 4420 2617 4482 Sed
2673 4420 2854 4500 pestis
2913 4418 3154 4477 tollitur

677 4534 802 4578 non
889 4516 1267 4595 reprimitur,
1365 4536 1562 4597 neque
1660 4518 2092 4597 comprimitur.
2196 4516 2513 4597 Reprimus
2588 4519 2753 4578 enim
2819 4515 2917 4582 id,
2978 4514 3152 4573 cuius

675 4614 939 4692 impetus
981 4623 1091 4675 est.
1173 4648 1256 4659 —·
1293 4614 1632 4693 naufragos.
1716 4611 1893 4675 Iubet
1934 4611 2207 4675 Halmius
2248 4614 2525 4675 conferre
2576 4612 2692 4675 Cic.
2736 4632 2791 4691 p.
2842 4607 3009 4688 Sylla
3056 4608 3147 4666 14.

677 4707 726 4788 S
780 4709 875 4769 41.
919 4708 1262 4787 patrimonii
1314 4709 1657 4786 naufraqus.
1746 4708 2123 4788 Apponerem
2164 4709 2355 4771 multa
2400 4710 2450 4767 si
2496 4726 2647 4789 opus
2687 4708 3032 4771 videretur,
3077 4720 3149 4762 ex
