3375 5500
612 578 947 680 quamdiu
987 578 1194 650 etiam
1231 576 1420 650 furor
1463 575 1594 649 iste
1630 580 1795 648 tuus
1843 573 2073 648 eludet
2112 573 2228 664 ¹)?
2276 562 2484 672 quem
2524 575 2860 654 adfinem
2903 535 3078 656 sese

663 741 704 808 ¹)
740 755 830 791 nos
865 739 1068 792 eludet?

687 1001 850 1072 Quae
909 1002 971 1061 in
1027 1002 1220 1082 capite
1278 1002 1306 1060 1
1359 1011 1420 1062 et
1463 1003 1502 1060 2
1557 1002 1847 1082 leguntur
1894 999 2012 1060 huc
2055 999 2182 1058 sere
2226 999 2506 1060 redeunt:
2571 998 2711 1060 Post
2753 1003 3097 1064 nonnullas

603 1097 1096 1165 exclamationeS,
1161 1097 1236 1156 de
1294 1097 1499 1157 surore
1557 1095 1880 1162 Catilinae,
1938 1104 2181 1154 senatus
2236 1105 2299 1154 et
2357 1096 2630 1156 consules
2686 1108 3094 1168 accusantur,

604 1196 766 1275 quod
808 1194 960 1254 nihil
995 1203 1204 1252 contra
1242 1191 1558 1253 Catilinam
1594 1192 1791 1252 facere
1828 1191 2119 1260 audeant;
2159 1208 2299 1250 mox
2334 1209 2480 1252 vero
2516 1193 2788 1272 sequitur
2825 1193 3095 1256 Senatui

603 1293 666 1350 in
729 1310 799 1350 ea
863 1309 929 1350 re
993 1287 1145 1348 nihil
1202 1306 1332 1349 esse
1389 1287 1840 1369 imputandum;
1902 1286 2084 1347 huius
2138 1287 2300 1347 enim
2359 1288 2587 1348 ordinis
2642 1288 2960 1349 consilium
3024 1300 3095 1350 et

605 1386 1023 1447 auctoritatem
1088 1403 1210 1443 non
1274 1384 1483 1444 deesse
1540 1383 1938 1462 reipublicae,
1996 1383 2099 1461 qui
2156 1384 2675 1443 senatusconsulto
2731 1386 3095 1445 consulibus

605 1481 1035 1562 rempublicam
1088 1481 1481 1541 commiserit:
1533 1480 1745 1559 igitur,
1789 1487 1994 1557 aperte
2036 1477 2263 1545 dicam,
2306 1478 2391 1537 sic
2431 1479 2629 1558 pergit
2667 1490 2901 1551 orator,
2944 1501 3094 1552 neS,

602 1580 876 1640 consules
910 1578 1212 1637 desumus,
1270 1574 1555 1635 Consules
1591 1593 1737 1636 vero
1771 1592 1893 1634 non
1930 1574 2163 1643 deesse,
2204 1575 2407 1634 statim
2451 1585 2583 1654 post
2620 1588 2895 1656 apparet,
2940 1600 3095 1640 nam

603 1678 764 1758 quod
799 1674 1154 1754 iampridem
1188 1673 1417 1733 sactum
1454 1691 1584 1736 esse
1623 1672 1923 1752 oportuit,
1965 1679 2028 1731 et
2065 1689 2183 1751 qua
2224 1671 2298 1731 de
2342 1690 2409 1731 re
2446 1673 2718 1733 consules
2753 1675 3093 1754 reprehen-

601 1775 856 1842 duntur,
913 1770 1074 1851 quod
1125 1767 1443 1829 Catilinam
1487 1769 1756 1829 nondum
1800 1767 2058 1827 interfici
2102 1768 2418 1836 iusserint,
2461 1768 2523 1827 id
2566 1767 2772 1830 Cicero
2813 1779 2974 1832 certa
3019 1774 3096 1832 de

601 1887 777 1929 causa
811 1867 1080 1927 nondum
1124 1864 1447 1930 adducitur
1488 1874 1556 1923 ut
1600 1865 1811 1932 saciat,
1853 1875 1917 1924 et
1959 1865 2263 1943 praeclare
2306 1865 2381 1925 de
2426 1863 2679 1925 Catilina
2717 1876 2917 1926 actum
2956 1879 3092 1938 est,

602 1966 704 2043 qui
735 1981 856 2022 non
886 1959 1320 2028 interficietur,
1351 1960 1637 2038 quamdiu
1669 1960 1987 2038 quisquam
2016 1961 2160 2028 erit,
2198 1962 2301 2039 qui
2330 1981 2471 2022 eum
2491 1963 2817 2024 defendere
2841 1967 3090 2027 audeat.

601 2061 839 2120 Interea
871 2074 1016 2116 vero
1047 2053 1300 2113 Catilina
1338 2055 1422 2114 ita
1458 2056 1646 2124 vivet,
1690 2066 1759 2115 ut
1794 2057 1975 2125 vivit,
2009 2056 2216 2115 multis
2252 2057 2554 2119 Ciceronis
2590 2068 2653 2119 ct
2686 2059 2876 2120 firmis
2911 2081 3092 2140 prae-

601 2156 769 2220 sidiis
805 2152 1110 2217 obsessus,
1151 2167 1229 2216 ne
1275 2168 1648 2210 commovere
1694 2169 1757 2210 se
1794 2160 2002 2214 contra
2037 2152 2466 2231 rempublicam
2501 2156 2712 2234 possit;
2757 2157 2919 2237 quod
2962 2177 3092 2238 quo

599 2252 816 2317 melius
858 2247 992 2312 fieri
1034 2246 1253 2332 possit,
1296 2266 1330 2308 a
1373 2248 1616 2312 consule
1659 2246 1861 2327 paullo
1903 2256 2037 2329 post
2080 2246 2325 2307 iubetur
2366 2257 2437 2308 ut
2478 2268 2553 2312 ex
2595 2251 2745 2316 urbe
2790 2256 2991 2316 exeat!

687 2444 982 2520 Quousque
1015 2439 1243 2502 taudem
1275 2473 1436 2484 ——-
1470 2438 1735 2498 audacia.
1795 2438 1909 2509 Qui
1945 2439 2187 2502 initium
2222 2439 2337 2499 hoe
2374 2442 2607 2512 laudat,
2638 2443 3090 2513 Quinctilianus

605 2540 698 2604 IV.
723 2542 776 2599 1.
800 2538 979 2619 568,
1023 2536 1223 2616 paullo
1266 2544 1438 2604 ante,
1480 2553 1696 2614 nempe
1739 2534 1787 2615 ἓ
1828 2535 1904 2594 63
1944 2536 2063 2594 tale
2099 2536 2341 2595 initium
2378 2537 2441 2596 in
2472 2540 2819 2602 universum
2856 2545 3089 2624 carpit;

605 2635 894 2716 quosdam
952 2634 1016 2693 in
1067 2642 1264 2697 totum
1309 2652 1342 2692 a
1377 2633 1683 2712 prooemio
1721 2650 2095 2692 summovere
2132 2651 2468 2694 sermonem
2499 2655 2531 2693 a
2566 2656 2819 2715 persona
2857 2642 3087 2704 iudicis

603 2751 910 2801 aversum,
973 2749 1126 2809 quae
1189 2729 1517 2805 ἀποστροφὴ
1589 2728 1843 2797 dicitur,
1908 2725 2071 2809 quod
2133 2728 2275 2791 licet
2340 2730 2657 2809 aliquando
2719 2731 2851 2793 fleri
2916 2735 3085 2798 bene

602 2830 818 2910 possit,
869 2828 1087 2907 passim
1130 2827 1472 2893 faciendum
1507 2845 1629 2886 non
1660 2836 1769 2889 est.
1854 2825 1972 2887 Fac
2002 2824 2317 2886 Catilinam
2354 2846 2475 2886 uno
2512 2828 2801 2888 vocabulo
2831 2849 3087 2911 respon·

599 2926 758 2990 disse
817 2923 1120 2993 Ciceroni,
1171 2932 1234 2987 et
1277 2924 1499 2983 dixisse
1542 2943 1595 2983 v.
1634 2943 1681 2982 c.
1720 2922 2020 2983 cuiusnam
2055 2922 2383 3001 patientia?
2428 2924 2589 3002 quod
2633 2925 2762 2984 iure
2806 2936 3087 3005 poterat,

600 3033 663 3083 et
734 3030 934 3087 actum
1004 3020 1216 3081 suisset
1279 3018 1355 3079 de
1422 3018 1829 3102 pulcherrimo
1893 3020 2055 3078 illius
2120 3020 2409 3078 orationis
2470 3021 2646 3080 initio
2696 3031 2758 3081 et
2811 3023 2885 3083 de
2951 3034 3086 3087 tota

601 3120 906 3185 oratione,
962 3125 1030 3175 ut
1087 3116 1310 3181 sactum
1363 3134 1494 3176 esse
1537 3125 1745 3177 narrat
1788 3114 2015 3174 Plinius
2058 3113 2163 3196 Ep.
2210 3112 2301 3174 VI.
2349 3115 2457 3185 15,
2501 3135 2685 3194 quum
2730 3118 3085 3188 PassienuS,

603 3222 919 3293 praesente
985 3209 1265 3271 Iavoleno
1335 3209 1538 3276 Prisco
1601 3210 1752 3279 Icto,
1815 3212 2211 3279 recitaturuS,
2274 3211 2579 3289 inceperat
2640 3211 2789 3272 haec
2853 3214 3085 3276 dicere:

602 3308 802 3373 Prisce
840 3306 1044 3373 iubes?
1097 3306 1173 3366 ad
1217 3305 1378 3384 quod
1422 3305 1687 3364 Priscus:
1732 3302 1857 3382 Eyo
1898 3325 2025 3364 vero
2067 3325 2182 3365 uon
2223 3305 2399 3365 iubae.
2486 3304 2733 3386 »Cogita
2776 3312 2878 3390 qui
2923 3312 3087 3370 risus

603 3404 948 3472 hominum,
992 3402 1096 3480 qui
1139 3400 1307 3462 ioci.'’
1350 3434 1432 3448 -—-
1473 3399 1717 3465 tandem.
1803 3398 1997 3461 Huius
2036 3402 2365 3479 particulae
2409 3401 2558 3461 haec
2603 3405 2694 3462 vis
2736 3415 2860 3475 est,
2903 3416 2973 3466 ut
3020 3408 3086 3467 in

605 3499 880 3578 urgendo
934 3507 1222 3578 ponatur,
1278 3498 1315 3561 i.
1353 3516 1404 3556 6.
1463 3515 1648 3575 quum
1700 3497 1820 3556 iam
1876 3496 1990 3555 alia
2033 3497 2193 3561 dicta
2239 3506 2411 3565 sunt:
2455 3507 2619 3576 recte
2664 3500 2851 3579 igitur
2896 3501 3085 3571 Quin-

579 3594 886 3655 'ctilianus
927 3594 1082 3657 dixit
1124 3592 1238 3675 (IX.
1281 3594 1337 3653 2.
1381 3592 1429 3673 ἓ
1473 3592 1558 3673 7):
1623 3590 1928 3671 »Simplex
1969 3602 2061 3657 est
2105 3593 2188 3653 sic
2230 3611 2475 3673 rogare:

928 3706 1034 3767 sed
1076 3725 1214 3775 voS,
1257 3705 1403 3784 quid
1446 3704 1729 3765 tandem?
1758 3704 1993 3783 ¹quibus
2034 3715 2138 3769 aut
2180 3705 2431 3767 venistis
2475 3704 2549 3765 ab
2592 3706 2728 3766 oris,

610 3818 974 3897 »figuratum
1032 3828 1260 3887 autem,
1317 3818 1554 3897 quoties
1603 3838 1727 3878 non
1792 3820 2132 3881 sciscitandi
2190 3822 2383 3899 gratia
2437 3820 2791 3888 assumitur,
2843 3821 2949 3880 sed
2996 3822 3083 3882 iu-

614 3912 837 3970 standi:
904 3910 1226 3991 Quousque
1291 3914 1537 3973 tandem
1602 3913 1884 3984 abutere,
1947 3915 2237 3975 Catilina”
2300 3924 2439 3979 cett.
2526 3915 2645 3975 Sed
2700 3916 2960 3985 tandem,
3012 3938 3084 3979 ea

611 4006 1045 4087 significatione
1089 4027 1214 4067 non
1257 4026 1427 4087 posse
1471 4008 1746 4069 adhiberi
1791 4010 1854 4069 in
1896 4011 2071 4070 initio
2115 4011 2435 4079 orationiS,
2477 4011 2595 4071 iam
2639 4011 2924 4073 viderunt
2966 4011 3084 4073 Do-

610 4114 789 4165 natus
831 4112 895 4163 et
937 4101 1305 4169 Priscianus,
1349 4121 1605 4180 quorum
1648 4105 1751 4162 ille
1794 4102 1891 4183 (ad
1928 4104 2167 4165 Terent.
2204 4104 2440 4171 Phorm.
2478 4104 2547 4165 II.
2588 4106 2639 4166 1.
2678 4105 2776 4187 1.);
2815 4107 3085 4167 »tandem

610 4201 710 4260 hic
759 4198 1058 4279 expletiva
1101 4196 1471 4266 coniunctim
1514 4207 1582 4257 ut
1625 4196 1857 4261 Cicero:
1894 4219 2205 4280 quousque
2241 4201 2547 4270 tandem,”
2579 4212 2751 4271 cett.;
2784 4202 2890 4261 sed
2922 4205 3084 4263 ratio

549 4363 552 4365 v
611 4298 676 4355 in
718 4296 849 4356 loco
894 4294 1162 4355 Terentii
1204 4294 1383 4373 longe
1427 4294 1543 4353 alia
1587 4303 1703 4353 est:
1747 4296 1848 4354 ille
1893 4295 2031 4376 (XV.
2055 4300 2109 4359 6.
2132 4297 2181 4377 §
2215 4296 2336 4379 38):
2376 4298 2645 4357 »taudem
2680 4316 2917 4375 quoque
2954 4315 3081 4359 non

614 4393 807 4458 solum
864 4409 971 4470 pro
1027 4389 1314 4453 adverbio
1371 4392 1712 4470 temporali,
1768 4392 1874 4453 sed
1931 4394 2113 4458 etiam
2170 4414 2279 4474 pro
2320 4394 2745 4458 coniunctione
2787 4395 3082 4473 repletiva

613 4489 952 4557 invenitur,
994 4497 1062 4549 ut
1100 4488 1305 4549 Cicero
1340 4487 1366 4548 I
1402 4489 1866 4551 invectivarum:
1902 4511 2182 4572 quousque
2216 4492 2477 4553 tandem”
2512 4501 2651 4553 cett.
2688 4525 2769 4538 --
2796 4490 3082 4569 patientia

612 4585 852 4643 nostra?
908 4582 1264 4647 Cuiusnam?
1301 4596 1368 4648 ut
1404 4604 1479 4649 ex
1516 4586 1619 4656 iis,
1658 4606 1810 4665 quae
1848 4591 2115 4667 proxime
2153 4598 2515 4668 sequuntur:
2556 4606 2771 4670 »quem
2806 4596 3079 4649 nostrum

613 4682 890 4764 ignorare
935 4682 1314 4746 arbitraris?''
1357 4691 1449 4743 et:
1507 4680 1804 4748 »Senatus
1838 4684 1984 4745 haec
2022 4684 2344 4765 intelligit”
2380 4695 2657 4769 apparet,
2692 4690 2891 4747 nostra
2926 4684 3079 4747 resc-
