3375 5500
2680 447 2720 490 V

345 632 480 700 Qui
539 631 640 696 vel
694 629 919 696 leviter
974 627 1361 705 Asconium,
1423 626 1947 693 Quinctilianum
2002 629 2292 714 aliosque
2338 630 2721 716 inspexerit,

262 775 501 821 errores
523 752 660 818 eius
689 751 938 833 generis
951 799 971 828 ,
1001 749 1180 834 quod
1205 747 1400 814 modo
1429 747 1709 814 indicavi
1738 749 2209 834 complusculos
2244 749 2719 836 deprehendere

260 875 492 960 potuit.
584 870 933 936 Difficilius
1007 871 1181 936 enim
1247 873 1539 935 veterum
1605 869 1843 954 scripta
1893 869 1981 958 ¹⁶)
2042 871 2113 934 in
2156 870 2433 937 aliorum
2486 894 2719 937 manus

262 1002 326 1060 et
366 991 787 1060 bibliothecas
842 995 1302 1075 pervenerunt,
1365 995 1464 1065 et,
1516 988 1630 1053 ubi
1676 989 2063 1074 paucissima
2120 991 2511 1076 exemplaria
2564 992 2719 1056 satis

259 1135 495 1197 magno
543 1111 751 1196 pretio
810 1117 995 1176 erant
1043 1109 1362 1194 descripta
1376 1158 1396 1186 ,
1453 1131 1589 1175 non
1636 1109 1989 1175 absurdum
2030 1117 2127 1176 est
2168 1118 2396 1196 putare
2444 1111 2605 1178 alios
2652 1112 2723 1176 id

261 1234 509 1299 facinus
573 1252 712 1297 esse
771 1252 961 1296 ausos
1015 1229 1420 1296 committere
1463 1235 1541 1294 ut
1589 1250 1708 1313 pro
1754 1230 2052 1312 genuinis
2100 1253 2216 1294 sua
2264 1238 2722 1316 supponerent.

264 1356 488 1419 Quum
555 1351 852 1417 Ciceroni
929 1352 1004 1417 Τ.
1076 1349 1323 1433 Ligarii
1387 1348 1595 1414 verbis
1660 1350 1907 1416 Brutus
1974 1351 2309 1416 nuntiarat
2368 1350 2727 1432 ἁμάρτημα

261 1469 630 1551 μνημονικόν
716 1471 890 1555 quod
963 1470 1025 1536 ei
1089 1468 1426 1535 excidisset
1495 1470 1566 1534 in
1637 1470 1933 1536 oratione
2003 1471 2351 1554 Ligariana
2424 1469 2513 1559 ¹⁷)
2534 1519 2555 1548 ,
2628 1471 2726 1534 nil

260 1593 496 1658 melius
535 1591 764 1657 habuit
803 1596 1022 1656 orator
1056 1611 1186 1674 quo
1223 1589 1478 1672 lapsum
1517 1589 1865 1672 corrigeret
1906 1612 2103 1673 quam
2138 1591 2437 1657 Atticum
2466 1614 2729 1677 rogare,

263 1715 460 1780 servis
505 1711 842 1796 negotium
889 1710 1070 1775 daret
1113 1715 1189 1772 ut
1233 1707 1464 1771 vitium
1513 1729 1591 1772 ex
1641 1708 1913 1771 omnibus
1960 1708 2141 1773 libris
2188 1710 2513 1777 tollerent.
2609 1713 2729 1776 So-

263 1835 444 1901 lebat
491 1833 667 1898 enim
711 1831 939 1894 Cicero
988 1827 1225 1913 scripta
1269 1849 1386 1891 sua
1423 1826 1506 1891 ad
1553 1827 1849 1893 Atticum
1884 1828 2145 1914 mittere
2190 1833 2279 1914 ¹⁸)
2294 1878 2314 1907 ,
2359 1831 2473 1915 qui
2508 1831 2565 1894 si
2604 1831 2729 1896 sibi

260 1953 536 2038 probata
600 1955 818 2016 essent
872 1947 959 2036 19)
1015 1969 1092 2013 ea
1149 1946 1568 2012 describenda
1632 1954 1889 2014 curaret
1948 1951 2083 2031 2⁰),
2149 1949 2207 2012 si
2272 1949 2430 2015 vitia
2476 1951 2730 2017 inveni-

258 2078 524 2148 rentur,
567 2075 790 2155 postea
822 2068 1043 2134 Attico
1087 2067 1436 2132 mandabat
1475 2074 1552 2133 ut
1578 2089 1655 2134 ea
1672 2066 1935 2134 tolleret
1960 2089 2076 2151 per
2102 2067 2396 2135 librarios
2425 2093 2575 2137 suos
2609 2071 2728 2160 ²¹).

357 2195 572 2258 Locus
621 2188 922 2254 classicus
979 2187 1060 2254 de
1109 2210 1186 2254 ea
1238 2209 1309 2254 re
1361 2193 1460 2253 est
1501 2188 1584 2253 ad
1638 2186 1937 2252 Atticum
1990 2186 2123 2275 ²²):
2184 2211 2403 2254 tznunc
2457 2190 2541 2254 ad
2596 2212 2734 2256 rem

265 2319 344 2378 ut
386 2310 684 2378 redeam:
733 2309 1002 2372 inhibere
1044 2308 1211 2372 illud
1259 2314 1448 2373 tuum
1488 2307 1663 2393 quod
1710 2306 1895 2372 valde
1954 2306 2117 2370 mihi
2166 2307 2503 2386 arriserat,
2546 2311 2741 2377 vehe-

267 2438 522 2498 menter
569 2428 885 2514 displicet.
976 2429 1098 2494 Est
1151 2428 1327 2494 enim
1379 2426 1642 2493 verbum
1688 2431 1905 2492 totum
1960 2427 2363 2492 nauticum.'’
2451 2429 2740 2515 Exponit

271 2554 503 2618 Cicero
529 2550 601 2614 in
628 2571 707 2615 eo
733 2547 878 2613 loco
905 2547 1201 2612 Atticum
1227 2546 1468 2612 iniuria
1493 2545 1712 2611 locum
1737 2545 2223 2631 reprehendisse
2238 2595 2258 2624 ,
2294 2548 2739 2632 vocabuloque

272 2670 589 2739 mutando
655 2666 1046 2734 sententiam
1117 2665 1629 2753 pessumdedisse
1706 2692 1741 2726 n
1762 2687 1961 2749 quare
2012 2666 2208 2731 facies
2262 2675 2341 2731 ut
2386 2666 2483 2732 ita
2530 2666 2619 2732 sit
2669 2667 2741 2730 in

273 2793 440 2858 libro
506 2787 1052 2876 quemadmodum
1118 2786 1266 2851 fuit.
1373 2786 1569 2852 Dices
1641 2786 1767 2852 hoc
1839 2785 2016 2851 idem
2095 2788 2377 2853 Varroni
2452 2787 2509 2851 si
2573 2788 2742 2854 forte

275 2908 618 2979 mutavit.'’
711 2909 972 2973 Atticus
1036 2906 1211 2972 enim
1230 2954 1251 2982 ,
1320 2906 1432 2988 qui
1489 2904 1841 2970 admodum
1904 2905 2081 2971 dives
2130 2914 2303 2984 erat,
2356 2929 2744 2991 quocunque

278 3032 473 3098 modo
539 3051 677 3096 rem
747 3051 932 3093 suam
992 3048 1226 3110 augere
1289 3025 1542 3091 studuit
1593 3024 1873 3109 ideoque
1926 3024 2222 3090 librarios
2271 3026 2502 3092 habuit
2543 3026 2745 3112 pluri-

340 3292 402 3359 16)
437 3295 574 3347 Usus
599 3311 711 3346 sum
737 3296 837 3345 hoc
864 3294 1106 3346 vocabulo
1137 3291 1370 3357 exemplo
1387 3290 1587 3351 Wolfii,
1612 3297 1670 3343 ut
1696 3291 1971 3341 indicarem
2001 3292 2261 3353 scriptores
2292 3304 2377 3341 eos
2392 3328 2407 3351 ‚
2436 3291 2522 3353 qui
2552 3288 2753 3337 fuerunt

273 3387 391 3429 ante
419 3380 640 3445 Augusti
667 3382 1016 3446 principatum.
1086 3379 1222 3430 Vide
1252 3379 1356 3428 eius
1391 3376 1579 3442 proleg.
1607 3377 1673 3427 ad
1696 3384 1821 3427 orat.
1851 3389 1981 3441 quae
2007 3375 2162 3438 vulgo
2192 3373 2349 3425 fertur
2378 3372 2632 3425 Ciceronis
2666 3386 2758 3436 pro

277 3465 520 3515 Marcello
553 3482 602 3530 p.
640 3466 822 3517 XXII.
860 3484 913 3518 n.
952 3466 983 3515 l.
1759 3476 1763 3480 '

343 3546 405 3612 ¹⁷)
440 3550 543 3600 Cic.
580 3551 645 3599 ad
679 3551 790 3601 Att.
828 3551 985 3601 XIII.
1025 3554 1108 3600 44.
1145 3548 1180 3599 f.

344 3633 406 3697 ¹⁸)
439 3636 547 3687 Cio.
575 3637 641 3687 ad
667 3636 842 3687 Atel.
881 3642 960 3685 13.
995 3637 1025 3697 ς
1055 3639 1115 3694 5,
1158 3637 1237 3682 19.
1272 3634 1300 3695 ς
1337 3638 1424 3692 ιο,
1451 3633 1525 3682 11.
1553 3632 1647 3693 ις
1672 3635 1764 3690 11,
1800 3630 1849 3680 4.
1878 3631 1908 3692 §
1938 3633 1997 3689 3,
2031 3631 2211 3691 ἀμ),
2246 3630 2423 3691 7.§1,
2455 3625 2756 3685 1v.2.§2‚

284 3723 362 3768 13.
401 3722 430 3783 ς
467 3726 528 3780 2,
563 3722 660 3773 VI.
704 3728 746 3773 1.
787 3725 816 3787 ξ
853 3728 914 3783 8,
950 3721 1106 3771 XIII.
1141 3724 1224 3769 32.
1258 3720 1289 3780 ξ
1319 3724 1367 3766 3.
1409 3731 1532 3767 neas
1564 3714 1753 3765 litteras
1779 3714 1895 3763 volo
1923 3714 2141 3763 habeas”
2169 3713 2257 3761 ubi
2289 3712 2562 3775 διφθέρας
2589 3710 2757 3771 legen·

278 3805 398 3854 dum
433 3820 539 3857 esse
573 3808 682 3857 dixi
715 3809 768 3857 in
803 3809 1137 3869 Mnemosyne
1172 3805 1242 3853 V.
1277 3818 1326 3866 p.
1365 3804 1448 3850 26.
1485 3800 1548 3850 cf.
1584 3800 1688 3850 Cic.
1726 3800 1791 3847 ad
1824 3798 1935 3847 Att.
1972 3797 2133 3847 XIII.
2170 3800 2253 3845 24.

345 3885 412 3953 ¹⁹)
443 3889 547 3941 Cic.
578 3892 642 3941 ad
677 3893 786 3943 Att.
816 3892 860 3941 Ι.
903 3895 982 3941 13.
1021 3891 1052 3953 ξ
1089 3893 1148 3949 5,
1191 3894 1268 3938 14.
1309 3889 1338 3949 ξ
1374 3892 1434 3946 3,
1468 3886 1544 3935 11.
1586 3890 1630 3934 1.
1670 3886 1701 3947 ἓ
1743 3888 1785 3943 1,
1824 3887 1872 3931 2.
1942 3880 2154 3945 Saepius
2189 3892 2381 3929 errores
2405 3877 2663 3930 Ciceronis
2692 3878 2759 3928 ab

281 3971 452 4023 Attico
485 3982 602 4025 sunt-
636 3976 864 4036 indicati,
893 3974 997 4025 Cic.
1033 3973 1100 4024 ad
1134 3973 1244 4023 Att.
1282 3971 1409 4021 XII.
1449 3974 1496 4019 5.
1537 3972 1566 4032 ξ
1602 3976 1660 4029 3,
1702 3971 1749 4017 6.
1789 3968 1819 4029 ἓ
1849 3970 1899 4017 3.
1934 3966 2033 4017 VI.
2077 3970 2119 4014 l.
2160 3965 2189 4027 ξ
2227 3969 2276 4014 8.

350 4052 414 4119 ²⁰)
448 4056 555 4109 Cic.
590 4059 655 4107 ad
687 4060 800 4109 Att.
833 4060 932 4109 IV.
971 4064 1018 4107 2.
1058 4058 1088 4119 ἓ
1125 4060 1174 4105 2.
1233 4056 1448 4119 „Itaque
1491 4054 1652 4103 oratio
1698 4051 1850 4115 (apud
1892 4050 2162 4107 Pontifices
2209 4049 2273 4099 de
2307 4046 2479 4110 domo)
2513 4044 2763 4096 iuventuti

283 4140 450 4191 deberi
471 4156 573 4192 non
600 4151 762 4207 potest
773 4164 787 4203 3
821 4157 976 4207 quam
1003 4142 1093 4191 tibi
1115 4141 1264 4190 etiam
1293 4139 1334 4188 si
1364 4153 1465 4188 non
1496 4138 1773 4197 desideras,
1801 4142 1971 4186 tamen
1995 4136 2195 4185 mittam
2223 4135 2323 4185 cito
2336 4137 2382 4184 θ’
2412 4140 2463 4183 et
2480 4130 2598 4179 ibid.
2616 4128 2691 4177 11.
2718 4132 2762 4176 1.

289 4249 309 4269 u
318 4227 396 4275 Tu
431 4230 472 4277 si
507 4230 595 4280 tibi
628 4230 868 4294 placuerit
899 4229 1055 4290 liber,
1091 4226 1284 4277 curabis
1319 4232 1377 4274 ut
1412 4223 1631 4274 Athenis
1666 4223 1732 4272 sit
1766 4229 1817 4272 et
1851 4222 1905 4271 iu
1939 4221 2115 4271 ceteris
2148 4219 2341 4284 oppidis
2374 4212 2665 4265 Graeciae.''

349 4308 412 4376 ²¹)
447 4313 552 4363 Cic.
589 4315 654 4363 ad
683 4314 793 4365 Att.
830 4314 958 4365 XII.
996 4316 1044 4362 6.
1082 4314 1112 4375 ἓ
1147 4318 1196 4361 3.
1237 4311 1371 4360 uerit
1403 4315 1604 4372 gratum
1648 4308 1693 4357 si
1739 4322 1842 4359 non
1888 4306 2040 4355 modo
2085 4306 2138 4353 in
2181 4302 2320 4353 libris
2354 4299 2453 4348 tuis
2487 4297 2576 4346 sed
2608 4295 2763 4346 etiam

285 4395 336 4443 in
371 4396 585 4447 aliorum
607 4414 701 4463 per
731 4397 952 4448 librarios
982 4405 1084 4445 tuos
1110 4395 1500 4459 Aristophanem
1527 4393 1803 4457 reposueris
1830 4406 1921 4455 pro
1950 4388 2185 4452 Eupoli.''
2232 4384 2389 4434 Plura
2415 4382 2479 4431 de
2507 4381 2586 4429 his
2618 4380 2766 4429 rebus

287 4480 611 4533 inveniuntur
644 4486 777 4550 apud
810 4486 913 4535 Iac.
949 4482 1272 4533 Tunstallum
1307 4481 1361 4530 in
1397 4480 1554 4543 Epist.
1591 4480 1656 4527 ad
1688 4475 1925 4527 Middlet.
1960 4488 2009 4537 p.
2052 4476 2131 4521 15.

357 4560 419 4625 ²²)
455 4564 558 4616 Cic.
593 4570 658 4617 ad
693 4568 807 4621 Att.
843 4568 999 4619 XIII.
1039 4572 1119 4617 21.
1161 4568 1190 4628 ς
1225 4572 1273 4615 3.

357 4650 536 4701 Plures
575 4653 708 4703 locos
750 4654 864 4703 vide
909 4653 1040 4718 apud
1080 4650 1446 4701 Hullemanum
1462 4688 1478 4712 ,
1522 4648 1733 4698 diatribe
1777 4645 1831 4694 in
1881 4642 2110 4695 Atticum
2144 4655 2193 4703 p.
2237 4642 2349 4689 181.
2386 4636 2501 4685 adn.
2541 4640 2591 4684 3.
2627 4634 2764 4683 Trai.

290 4735 355 4785 ad
388 4736 550 4788 Rhen.
594 4743 739 4789 1838.
