3375 5500
1718 377 1806 438 64

1554 563 1953 647 xxxvm.

621 737 818 823 Apud
881 737 1018 801 Cic.
1077 733 1162 798 ad
1221 733 1361 800 Att.
1431 732 1556 797 IV.
1611 735 1668 796 5.
1739 734 1775 815 ᾧ
1825 731 1901 794 1:
1968 755 2003 790 ιι
2027 729 2319 814 Urgebar
2368 730 2451 797 ab
2498 753 2609 809 eo,
2666 732 2748 797 ad
2805 753 3007 817 quem

530 857 717 933 misi,
780 861 847 922 et
902 876 1038 920 non
1099 851 1418 919 habebam
1485 849 1826 934 exemplar.
1925 851 2094 923 Quid
2104 857 2139 914 Ρ
2184 851 2369 914 etiam
2418 888 2508 901 -—
2556 851 3009 936 subturpicula

532 974 696 1038 mihi
739 974 1079 1040 videbatur
1135 994 1275 1041 esse
1317 967 1688 1052 παλινῳδία.
1782 969 1996 1053 Lege:
2042 971 2191 1054 quin
2234 971 2436 1033 etiam.

1603 1145 1920 1211 XXXIX.

619 1328 819 1414 Apud
864 1329 1001 1395 Cic.
1061 1327 1142 1393 de
1199 1325 1328 1395 Off.
1376 1326 1434 1391 Ι.
1484 1328 1589 1390 11.
1638 1327 1673 1409 ᾧ
1726 1326 1849 1389 36:
1912 1351 1948 1385 ιι
1974 1324 2105 1390 Sed
2153 1347 2353 1409 quum
2406 1347 2627 1393 amore
2672 1327 3008 1414 pugnandi

533 1449 604 1512 in
658 1448 941 1515 exercitu
993 1447 1407 1513 remansisset
1423 1493 1445 1523 ,
1511 1445 1677 1510 Cato
1736 1443 1821 1510 ad
1876 1445 2206 1529 Popilium
2262 1446 2519 1530 scripsit
2534 1494 2555 1524 ‚
2616 1457 2693 1513 ut
2739 1447 2797 1511 si
2855 1467 3009 1512 eum

533 1572 863 1652 pateretur
892 1567 964 1630 in
1007 1564 1293 1631 exercitu
1334 1583 1668 1629 remanere
1687 1610 1709 1640 ‚
1753 1563 2038 1629 secundo
2085 1585 2235 1629 eum
2280 1563 2524 1649 obliget
2568 1572 2973 1631 sacramento
2989 1613 3009 1642 ,

533 1686 687 1770 quia
745 1688 962 1770 priore
1025 1686 1246 1749 amisso
1307 1684 1450 1750 iure
1470 1731 1492 1762 ,
1560 1705 1711 1748 eum
1785 1682 2080 1749 hostibus
2135 1706 2424 1769 pugnare
2472 1708 2608 1751 non
2668 1691 2923 1770 poterat
2940 1685 3011 1765 ,·”

530 1803 666 1870 leni
715 1805 1039 1871 medicina
1097 1803 1551 1888 corrigendum
1609 1808 1746 1868 est:
1815 1829 1851 1867 ιι
1876 1803 2030 1888 quia
2071 1805 2291 1887 priore
2342 1806 2590 1868 remisso
2603 1853 2623 1882 ,
2667 1804 2809 1870 iure
2856 1825 3011 1869 cum

533 1923 833 1991 hostibus
874 1945 1164 2012 pugnare
1206 1945 1342 1990 non
1385 1920 1707 2009 poterat.”

1706 2099 1851 2164 XL.

622 2278 960 2346 Eiicienda
1007 2286 1164 2345 sunt
1203 2300 1413 2344 vocc.:
1464 2305 1501 2340 ιι
1523 2301 1714 2358 eum,
1761 2279 1872 2364 qui
1928 2278 2280 2345 'Parentum
2340 2278 2555 2364 cepit''
2610 2278 2781 2365 apud
2825 2278 3017 2345 Cice-

533 2419 760 2463 ronem
807 2399 877 2465 in
921 2398 1065 2465 Cat.
1109 2398 1271 2464 Mai.
1317 2401 1381 2462 4.
1429 2400 1465 2483 ᾗ
1518 2399 1624 2462 10.

1681 2601 1866 2667 XLI.

631 2810 940 2895 Ineptum
986 2811 1305 2895 glossema
1347 2810 1588 2896 legitur
1635 2811 1847 2876 adhuc
1892 2808 2066 2894 apud
2110 2811 2282 2895 Nep.
2328 2808 2470 2875 Att.
2510 2832 2562 2876 c.
2602 2813 2680 2874 3:
2756 2837 2791 2871 ιι
2812 2812 3013 2877 Quod

541 2930 846 2996 nonnulli
884 2931 979 2996 ita
1006 2932 1518 3019 interpretantur
1543 2931 1760 2997 amitti
1794 2930 2124 2996 civitatem
2153 2930 2516 2994 Romanam
2544 2928 2673 2995 alia
2698 2929 3013 2995 adscita.''

1668 3138 1892 3205 XLII.

631 3343 715 3406 In
754 3341 946 3407 initio
987 3341 1144 3405 Sall.
1188 3341 1361 3407 Belli
1405 3343 1591 3408 Cat.:
1641 3369 1677 3402 ιι
1698 3365 1921 3410 omnes
1971 3344 2269 3409 homines
2289 3391 2308 3422 ,
2354 3343 2468 3429 qui
2514 3364 2653 3408 sese
2688 3351 3017 3429 praestare

538 3461 807 3527 student
861 3460 1090 3527 ceteris
1147 3460 1536 3527 animalibus
1590 3482 1829 3527 summa
1882 3482 1991 3545 ope
2050 3463 2177 3527 niti
2229 3461 2414 3528 decet
2456 3468 2609 3528 cett.
2625 3511 2645 3540 ‚
2688 3465 3016 3551 corrigen-

541 3580 700 3647 dum
757 3586 892 3647 est:
953 3600 1260 3657 summope
1319 3582 1766 3666 (summopere).
1856 3580 2109 3647 Eodem
2171 3582 2369 3648 modo
2430 3583 2845 3667 corrigendus
2916 3590 3019 3650 est

545 3699 878 3767 Ciceronis
941 3699 1124 3765 locus
1193 3722 1272 3765 ex
1327 3700 1448 3786 Ep.
1501 3699 1584 3765 ad
1635 3700 1777 3766 Att.
1834 3699 2023 3765 XIV.
2090 3702 2195 3766 14.
2253 3703 2288 3785 ξ
2337 3702 2414 3763 6:
2481 3726 2517 3761 ιι
2535 3702 2625 3767 Et
2680 3702 2858 3768 omni
2906 3721 3021 3777 ope

547 3820 775 3902 (opere)
815 3824 882 3884 et
922 3838 1117 3904 opera
1160 3820 1404 3899 enitar,
1451 3820 1800 3888 adiuvante
1838 3843 1944 3888 me
1982 3820 2230 3886 scilicet
2274 3821 2660 3887 auctoritate
2706 3827 2772 3887 et
2809 3820 3020 3905 gratia

545 3944 613 4001 et
680 3958 934 4002 summa
1003 3938 1333 4022 aequitate
1409 3962 1642 4006 causae
1659 3988 1681 4019 ,
1747 3947 1825 4006 ut
1889 3940 1971 4007 de
2044 3940 2411 4007 Buthrotiis
2484 3941 2709 4007 Sctum
2731 3990 2751 4019 ,
2824 3940 3018 4026 quale

544 4052 786 4121 scribas
800 4102 822 4133 ,
865 4054 1001 4121 fiat.

1645 4206 1911 4272 XLIII.

637 4411 907 4476 Lacuna
945 4419 1043 4478 est
1079 4414 1151 4477 in
1181 4414 1386 4482 verbis
1411 4415 1589 4482 Livii
1616 4418 1818 4484 VIIL
1849 4420 1967 4484 22:
2018 4445 2055 4481 ιι
2074 4418 2505 4485 Tribunatum
2548 4418 2761 4503 plebei
2800 4418 3019 4503 proxi-

547 4530 672 4596 mis
727 4530 1009 4597 comitiis
1067 4534 1281 4599 absens
1325 4538 1670 4620 petentibus
1714 4539 2084 4624 praefertur
2096 4538 2165 4619 ,”
2222 4539 2317 4605 sic
2370 4537 2761 4624 supplendat
2808 4537 3025 4602 absens

539 4652 783 4736 pet[en⁸
812 4652 1268 4738 mamanibus
1309 4656 1697 4740 praefmur.

3345 496 3368 769 ..ἡὴ-..ιιι-
3353 446 3362 475 -
3351 394 3359 413 -
3347 324 3357 337 ι
3343 72 3357 287 ι-.ι---.
