3375 5500
610 449 722 496 xlv

610 640 714 706 vel
757 637 1095 705 Hortensii
1141 635 1350 702 oratio
1384 655 1499 730 pro
1533 635 1606 699 C.
1654 635 1858 700 Verre
1897 632 2073 700 edita
2111 639 2249 700 erat
2265 660 2285 714 3
2336 635 2557 700 scribit
2593 635 2813 701 enim:
2864 662 2897 696 n
2917 637 3080 721 quin

613 761 810 826 etiam
827 807 850 838 ,
905 759 963 824 si
1003 757 1222 824 minus
1269 777 1454 843 pares
1500 755 1891 821 videbuntur
1911 803 1933 831 ,
1986 755 2243 839 aliquae
2289 761 2509 821 tamen
2556 756 2641 820 ad
2686 777 3080 840 cognoscen-

611 879 762 946 dam
821 879 1041 946 litium
1099 877 1547 963 quaestionem
1603 881 1779 942 recte
1836 875 2279 960 requirentur:
2338 882 2417 940 ut
2471 881 2700 941 contra
2746 875 3078 942 Ciceronis

609 999 936 1065 orationes
949 1045 972 1076 ,
1032 997 1392 1063 Tuberonis
1430 997 1502 1060 in
1537 994 1875 1079 Ligarium
1902 1000 1969 1060 et
1997 993 2337 1060 Hortensii
2364 1015 2483 1080 pro
2515 994 2788 1062 Verre.”
2852 996 3079 1062 Quum

608 1140 762 1186 vero
833 1119 994 1184 haec
1057 1117 1254 1183 verba
1315 1119 1682 1201 pugnarent
1752 1136 1903 1180 cum
1958 1112 2199 1180 diserto
2256 1112 2459 1198 ipsius
2515 1114 2847 1182 Ciceronis
2894 1117 3080 1182 testi-

607 1239 833 1304 monio
867 1240 956 1322 ⁷⁰)
1017 1234 1315 1321 negantis
1362 1217 1795 1302 Hortensium
1840 1232 1965 1299 sibi
2013 1232 2421 1318 respondisse
2438 1281 2461 1312 ,
2516 1234 2862 1300 Drumann
2876 1283 2899 1314 ,
2942 1256 3079 1300 non

608 1379 834 1442 passus
872 1363 950 1423 ut
993 1355 1484 1423 Quinctilianus
1531 1374 1744 1420 errare
1790 1352 2149 1429 videretur,
2190 1353 2531 1418 Hortensii
2579 1355 2941 1421 orationem
2988 1354 3074 1420 ad

611 1479 808 1544 aliam
853 1498 1116 1543 causam
1158 1474 1358 1542 refert
1404 1482 1458 1524 Ἠ
1473 1476 1522 1558 ).
1615 1471 1750 1540 Sed
1793 1471 1953 1538 haec
2001 1471 2287 1538 refutare
2343 1492 2505 1558 opus
2558 1494 2696 1539 non
2750 1474 2895 1542 erit.

696 1595 1005 1674 Accedit,
1047 1593 1224 1680 quod
1257 1593 1457 1660 etiam
1490 1592 1579 1671 ii,
1624 1591 1741 1677 qui
1782 1589 1855 1656 in
1888 1590 2107 1676 aliqua
2148 1612 2345 1657 causa
2386 1592 2581 1658 verba
2617 1615 2753 1659 non
2790 1595 3080 1660 fecerant

608 1723 832 1784 tamen
869 1714 1234 1782 orationem
1271 1712 1626 1780 scriberent
1653 1717 1723 1778 et
1766 1711 2031 1778 ederent
2045 1758 2066 1789 ,
2110 1709 2286 1795 quod
2330 1733 2370 1777 a
2416 1712 2515 1776 M.
2565 1711 2778 1778 Bruto
2828 1714 3077 1779 factum

613 1857 752 1902 esse
814 1857 1018 1920 quum
1079 1835 1251 1900 Milo
1315 1855 1578 1900 causam
1631 1832 1909 1910 diceret,
1956 1839 2184 1899 auctor
2224 1838 2327 1898 est
2382 1838 2527 1901 tum
2568 1833 2890 1899 Asconius
2940 1831 3035 1921 ⁷²)
3057 1882 3079 1910 ,

609 1961 752 2020 tum
795 1953 1284 2020 Quinctilianus
1325 1955 1460 2038 ⁷³);
1513 1951 1770 2037 scripsit
1816 1952 1990 2017 enim
2031 1953 2279 2017 Brutus
2324 1958 2390 2018 et
2436 1951 2641 2019 edidit
2676 1953 3034 2019 orationem
3057 2002 3077 2031 ‚

611 2073 799 2158 quasi
838 2073 1108 2156 egisset,
1165 2071 1362 2138 aliam
1435 2071 1833 2138 defensionis
1887 2071 2165 2137 formam
2226 2077 2487 2138 secutus
2532 2095 2729 2157 quam
2774 2073 3076 2140 Ciceroni

610 2191 857 2279 placuit
873 2241 894 2272 ,
939 2192 1022 2259 de
1065 2215 1197 2278 qua
1238 2197 1460 2258 tamen
1505 2190 1801 2258 oratione
1836 2190 2323 2257 Quinctilianus
2367 2199 2685 2258 memorat
2730 2191 3076 2260 dissensio-

611 2335 801 2394 nem3
839 2319 1061 2379 narrat
1109 2313 1285 2379 enim
1337 2313 1620 2378 Brutum
1668 2332 1806 2378 non
1848 2310 2055 2395 egisse
2072 2358 2093 2389 ‚
2137 2317 2216 2377 ut
2258 2311 2600 2378 Cornelius
2640 2313 2868 2379 Celsus
2912 2315 3075 2380 falso

615 2432 1026 2499 existimabat
1054 2431 1144 2522 ⁷4)
1157 2481 1174 2498 .
1260 2433 1480 2498 Quam
1529 2429 1730 2515 igitur
1774 2431 1979 2497 fidem
2014 2430 2117 2496 his
2160 2431 2431 2498 testibus
2468 2433 2705 2499 habere
2737 2456 3073 2520 possumus

611 2554 669 2618 si
713 2553 956 2620 iudicio
1005 2553 1500 2620 discernendum
1541 2552 1684 2618 est?

706 2673 860 2740 Alia
905 2673 1278 2741 orationum
1325 2672 1805 2759 suppositarum
1845 2692 2041 2737 causa
2079 2678 2255 2771 recte
2289 2669 2445 2738 inde
2494 2671 2855 2751 derivatur,
2897 2671 3073 2757 quod

613 2816 818 2878 quum
866 2801 1152 2860 oratores
1206 2792 1489 2858 Romani
1549 2814 1688 2857 non
1748 2791 2032 2859 solerent
2076 2792 2158 2859 de
2210 2792 2449 2878 scripto
2493 2792 2815 2859 orationes
2858 2790 3073 2858 dicere

613 2933 805 3000 saepe
839 2914 1086 2981 factum
1128 2912 1215 2979 sit
1241 2917 1318 2977 ut
1335 2958 1354 2991 ,
1390 2934 1548 2998 quas
1579 2911 1893 2978 dixissent
1920 2895 2243 2980 orationes
2263 2962 2285 2993 ,
2330 2936 2689 2999 numquam
2726 2912 3073 2979 ediderint.

613 3035 792 3099 Nam
835 3035 1132 3101 solebant
1179 3054 1370 3120 saepe
1414 3055 1492 3099 ea
1541 3033 1757 3099 solum
1783 3018 2017 3099 litteris
2058 3033 2399 3111 mandare,
2449 3054 2613 3118 quae
2654 3033 2907 3116 agendo
2932 3033 3076 3099 ani-

614 3155 1106 3221 madvertissent
1144 3154 1550 3219 auditoribus
1592 3154 1874 3219 maxime
1914 3154 2166 3239 placere
2196 3160 2285 3240 ⁷⁵)
2299 3204 2313 3217 .
2368 3152 2537 3219 Inde
2570 3153 2816 3218 factum
2854 3159 2956 3218 est
2998 3159 3077 3219 ut

613 3273 823 3340 oratio
853 3274 1190 3340 Hortensii
1217 3294 1335 3359 pro
1363 3274 1681 3351 Messala,
1717 3294 1884 3357 quae
1920 3257 2201 3340 maxime
2245 3274 2516 3359 probata
2554 3280 2724 3339 esset
2737 3323 2759 3351 ,
2794 3272 3073 3339 totidem

671 3554 735 3622 ⁷⁰)
767 3555 874 3609 Cic.
911 3557 1050 3611 Orat.
1087 3564 1170 3613 36.
1206 3562 1239 3629 §,
1271 3566 1386 3613 129.

670 3640 734 3709 ⁷¹)
769 3643 1050 3696 Drumann.
1087 3648 1156 3699 V.
1191 3663 1241 3713 p.
1277 3653 1379 3699 323
1415 3646 1451 3697 f.

667 3724 734 3795 72)
768 3728 898 3779 Ibid.
934 3745 983 3795 p.
1021 3736 1105 3781 42.
1143 3729 1301 3783 Orell.

668 3810 732 3876 73)
765 3812 973 3875 Quinet.
1008 3815 1110 3865 111.
1149 3818 1198 3867 6.
1233 3816 1260 3881 ς)
1295 3821 1378 3867 93.
1415 3816 1474 3867 x,
1518 3821 1562 3866 1.
1599 3817 1626 3882 ς
1662 3821 1746 3867 23.
1784 3822 1833 3869 5.
1867 3819 1893 3885 5
1929 3824 2013 3870 20.

667 3896 734 3963 ⁷4)
770 3897 886 3959 Quo
930 3906 1155 3965 tempore
1199 3902 1386 3953 vixerit
1419 3900 1681 3953 Cornelius
1716 3901 1891 3954 Celsus
1925 3919 2029 3954 non
2063 3909 2271 3954 constat.
2342 3902 2424 3955 Ob
2456 3903 2589 3953 hanc
2619 3903 2777 3968 ipsam
2810 3904 3083 3957 dictionem

597 3980 930 4044 Quinctiliani
973 3983 1242 4035 reiicienda
1283 3985 1482 4035 videtur
1530 3998 1706 4035 eorum
1752 3987 1950 4051 opini0,
2000 3988 2089 4051 qui
2134 4002 2251 4037 eum
2284 3987 2510 4047 Horatii,
2547 3987 2782 4051 Virgilii,
2818 3988 3085 4054 Ovidiique

597 4066 860 4132 aequalem
897 4072 947 4116 et
979 4067 1195 4118 amicum
1223 4067 1374 4119 fuisse
1417 4072 1745 4121 contendunt.
1778 4098 1849 4107 —
1884 4071 2019 4123 Vide
2052 4070 2327 4135 Schilling,
2364 4071 2569 4133 Quaest.
2605 4072 2757 4124 Corn.
2788 4059 2923 4126 Celsi
2949 4076 3081 4135 vita,

596 4166 648 4215 p.
695 4150 740 4200 Ι.
785 4148 925 4215 Lips.
975 4154 1127 4201 1824.
1195 4150 1274 4202 cf.
1311 4152 1545 4203 eumdem
1582 4153 1637 4203 in
1672 4154 1881 4219 Encycl.
1917 4170 1986 4207 ex
2020 4156 2099 4207 ed.
2133 4157 2309 4208 Ersch.
2344 4158 2452 4208 und
2485 4156 2693 4210 Grt'iber.
2728 4160 2861 4212 Sect.
2896 4160 2943 4210 Ι.
2976 4160 3081 4209 vol.

596 4234 751 4287 XVI.
787 4250 838 4299 p.
859 4240 924 4285 23
943 4250 1051 4301 sqq.
1121 4236 1278 4286 Babr-
1308 4236 1490 4289 Gesch.
1521 4236 1612 4289 der
1645 4238 1795 4291 Rom.
1829 4240 1953 4293 Litt.
1988 4244 2062 4293 H.
2092 4258 2141 4307 p.
2172 4246 2277 4293 530
2305 4258 2413 4309 sqq.
2441 4250 2493 4294 et
2519 4244 2873 4297 Westermann
2897 4244 3081 4297 Gesch.

594 4323 688 4373 der
729 4320 1059 4372 Beredsamk.
1104 4334 1152 4386 p.
1205 4325 1321 4371 255.
1393 4324 1590 4375 Verum
1633 4323 1870 4376 videntur
1916 4327 2099 4379 vidisse
2142 4328 2233 4394 qui
2266 4342 2385 4381 eum
2419 4328 2625 4380 Tiberio
2656 4336 2901 4395 regnante
2934 4331 3082 4395 scrip·

593 4406 718 4459 sisse
751 4412 944 4470 putant.

663 4490 916 4541 Iudicium
947 4491 1083 4557 quod
1116 4492 1180 4543 de
1214 4490 1363 4544 Celso
1397 4494 1516 4545 tulit
1551 4494 1951 4557 Quinctilianus,
1986 4495 2171 4559 legitur
2202 4496 2249 4545 1.
2286 4495 2349 4549 Ο.
2384 4496 2489 4547 xn.
2534 4502 2612 4547 11.
2646 4498 2673 4564 §
2710 4504 2792 4549 24.

663 4572 728 4641 ⁷⁵)
762 4576 903 4627 Hinc
937 4576 1122 4627 factum
1163 4582 1264 4639 est,
1292 4584 1417 4629 teste
1450 4578 1623 4630 Plinio
1647 4581 1755 4645 Ep.
1790 4582 1835 4631 Ι.
1873 4586 1939 4630 20
1950 4616 1965 4641 ,
2001 4587 2057 4630 ut
2090 4580 2268 4631 Cicero
2302 4588 2496 4645 partem
2530 4583 2811 4634 orationum
2844 4597 2937 4647 pro
2970 4582 3082 4632 Mu·

591 4674 718 4713 rena
763 4668 816 4711 et
863 4676 955 4725 pro
1001 4663 1210 4713 Vareno
1256 4678 1360 4713 non
1409 4665 1632 4716 ediderit.
1679 4692 1751 4703 --
1784 4665 1943 4715 Plura
1988 4665 2051 4715 de
2095 4666 2192 4715 hac
2224 4680 2279 4715 re
2312 4665 2493 4729 collegi
2527 4667 2581 4717 in
2614 4666 2740 4730 disp.
2776 4666 2839 4719 dc
2872 4668 3081 4719 crimine

589 4746 811 4799 ambitus
840 4754 896 4800 et
929 4748 992 4801 de
1026 4747 1266 4799 sodalitiis
1300 4750 1434 4814 apud
1467 4750 1723 4803 Romanos
1756 4758 1980 4814 tempore
2014 4748 2200 4803 liberae
2234 4750 2376 4813 Reip.
2412 4750 2475 4803 L.
2510 4751 2573 4802 B.
2616 4756 2761 4802 1854.
