3375 5500
672 453 872 500 xxxiv

762 645 962 710 Plura
983 641 1090 708 hic
1115 638 1350 707 addere
1379 636 1462 703 ad
1489 637 1560 702 id
1585 635 2138 714 demostrandum,
2159 634 2335 720 quod
2360 655 2791 721 susceperam,
2817 655 2953 701 non
2980 649 3142 720 opus

681 785 822 832 esse
873 770 1055 851 puto.
1107 759 1290 827 Quid
1328 759 1401 822 in
1441 758 1572 823 illis
1617 756 1940 824 exercitiis
1986 757 2232 821 factum
2275 756 2362 820 sit
2404 755 2484 821 de
2524 755 2740 842 pueris
2774 762 2854 821 et
2890 754 3143 822 adoles·

675 885 1009 963 centibus,
1065 900 1386 969 apponam
1433 877 1644 945 verbis
1701 876 1997 944 Petronii
2046 875 2167 964 ¹⁷⁵)
2191 924 2212 953 ,
2268 895 2435 959 quae
2476 875 2631 940 licet
2672 875 2801 940 alio
2849 880 3142 960 tempore

676 1004 1042 1091 conscripta
1056 1051 1078 1082 ,
1122 1002 1195 1066 in
1241 1001 1410 1066 hanc
1439 1004 1721 1066 aetatem
1762 999 2009 1083 optime
2050 995 2479 1061 conveniunt:
2540 1019 2576 1054 n
2600 995 2735 1060 Qui
2782 994 2953 1060 inter
2980 995 3141 1060 haec

675 1125 1058 1191 nutriuntur
1113 1143 1248 1186 non
1282 1120 1508 1204 magis
1566 1133 1790 1204 sapere
1846 1121 2151 1203 possunt,
2212 1137 2409 1200 quam
2456 1115 2621 1180 bene
2662 1114 2851 1180 olere
2903 1115 3022 1198 qui
3068 1116 3139 1181 in

674 1243 899 1311 culina
946 1240 1246 1307 habitant
1259 1239 1320 1304 :''
1366 1244 1432 1305 et
1467 1238 1688 1324 paullo
1739 1243 1918 1322 post:
1981 1263 2017 1296 n
2035 1256 2209 1300 nunc
2256 1235 2440 1320 pueri
2480 1235 2552 1298 in
2595 1234 2831 1300 scholis
2870 1234 3136 1314 ludunt,

671 1365 937 1429 iuvenes
981 1361 1054 1426 in
1100 1359 1244 1425 foro
1298 1358 1701 1423 riderentur.
1779 1362 1846 1422 et
1893 1356 2070 1441 quod
2124 1362 2402 1440 utroque
2452 1354 2636 1440 peius
2683 1361 2778 1420 est
2794 1401 2815 1432 ,
2862 1355 3138 1439 quisque

672 1503 1008 1569 perperam
1063 1477 1254 1543 discit
1297 1476 1370 1541 in
1413 1481 1750 1541 senectute
1792 1475 2088 1540 confiteri
2131 1497 2266 1540 non
2308 1474 2467 1540 vult.
2472 1473 2515 1504 ’'

764 1601 896 1667 Sed
944 1603 1342 1664 revertamur
1389 1595 1474 1660 ad
1514 1594 1892 1661 testimonia
1944 1595 2327 1679 scriptorum
2344 1639 2365 1671 ,
2422 1592 2504 1658 de
2552 1550 2845 1657 oratione
2889 1603 3132 1660 nostra.

667 1721 1073 1796 Provocant,
1153 1715 1266 1802 qui
1329 1714 1736 1780 authentiam
1801 1712 2045 1798 primae
2116 1711 2534 1778 Catilinariae
2600 1709 2996 1792 defendunt,
3054 1715 3137 1779 ad

666 1841 937 1907 Asconii
992 1835 1266 1904 Pediani
1317 1815 1439 1920 1⁷⁶)
1491 1835 1976 1910 testimonium,
2008 1831 2147 1916 ·qui
2194 1831 2278 1896 ad
2320 1831 2511 1896 verba
2552 1831 2865 1898 orationis
2906 1833 2979 1896 in
3020 1834 3134 1898 Pi-

668 1959 928 2026 sonem:
995 1957 1178 2040 nEgo
1225 1955 1298 2018 in
1341 1955 1417 2017 C.
1465 1953 1772 2030 Rabirio,
1815 1951 2275 2037 perduellionis
2312 1971 2461 2028 re0,
2510 1973 2686 2016 xxxx
2735 1953 2922 2017 annis
2979 1961 3135 2020 ante

667 2099 775 2144 me
819 2073 1154 2143 consulem
1172 2122 1193 2151 ,
1238 2071 1687 2156 interpositam
1740 2072 2018 2135 Senatus
2070 2069 2521 2134 auctoritatem
2568 2067 2849 2136 sustinui
2902 2079 3133 2138 contra

665 2197 980 2262 iuvidiam
1037 2202 1232 2278 atque
1281 2189 1620 2269 defendi,’'
1675 2196 1947 2256 annotat
1994 2192 2119 2274 ¹⁷⁷)
2140 2237 2161 2265 ,
2206 2189 2277 2252 in
2332 2209 2411 2254 eo
2456 2189 2601 2254 loco
2644 2208 2782 2254 non
2824 2191 3132 2258 subtilem

664 2339 986 2384 annorum
1015 2289 1568 2398 computationem
1609 2311 1849 2376 factam
1886 2327 2059 2388 esse,
2105 2307 2220 2374 sed
2266 2315 2522 2394 tempus
2568 2312 2943 2375 summatim
2988 2333 3132 2378 esse

660 2437 1231 2523 comprehensum,
1293 2432 1526 2517 quibus
1571 2433 1731 2498 h'aec
1760 2409 2001 2496 addit:
2065 2429 2342 2514 ultaque
2398 2429 2576 2495 idem
2641 2419 2867 2496 Cicero
2922 2430 2995 2494 in
3054 2451 3133 2498 ea

662 2577 921 2642 quoque
938 2604 958 2635 ,
993 2553 1205 2640 quam
1243 2551 1475 2618 habuit
1517 2550 1590 2615 in
1636 2552 1989 2617 Catilinam
2036 2549 2108 2613 in
2138 2533 2383 2614 Senatu
2401 2595 2421 2626 ,
2470 2569 2619 2614 curn
2646 2555 2915 2614 octavus
2956 2550 3134 2616 deci-

656 2701 803 2744 mus
833 2677 970 2744 dies
1001 2680 1205 2753 esset,
1233 2680 1655 2761 posteaquam
1684 2673 1932 2738 factum
1963 2673 2188 2736 Setum
2202 2718 2223 2749 ,
2259 2676 2339 2735 ut
2378 2667 2671 2734 viderent
2698 2668 2999 2734 consules
3041 2693 3132 2736 ne

643 3034 738 3083 bus
776 3036 956 3095 1828)=
995 3052 1019 3075 u
1037 3029 1232 3091 Quotus
1267 3030 1406 3080 enim
1433 3030 1643 3095 quisque
1677 3044 1782 3080 non
1816 3030 1913 3080 hac
1946 3044 2037 3079 sua
2070 3027 2387 3093 persuasione
2420 3026 2601 3086 utitur,
2630 3031 2687 3074 nt
2714 3038 2767 3075 se
2800 3030 2922 3075 ante
2936 3022 3135 3077 Cicero-

643 3130 764 3167 nem
796 3130 888 3162 non
920 3121 1174 3173 numeret,
1210 3115 1298 3164 sed
1313 3115 1466 3178 plane
1493 3121 1604 3177 post
1620 3113 1960 3165 Gabinianum
1972 3114 2031 3162 ?''
2065 3113 2151 3164 Sic
2183 3118 2342 3172 certe,
2367 3107 2611 3175 particula
2642 3124 2733 3158 non
2765 3109 2983 3172 intrusa,
3015 3127 3135 3164 con-

641 3207 722 3250 tra
771 3199 999 3248 omnium
1042 3198 1184 3247 codd.
1228 3198 1598 3257 auctoritatem,
1646 3205 1753 3248 tota
1785 3199 2104 3263 oppositionis
2154 3199 2228 3249 vis
2260 3198 2402 3261 perit.
2472 3194 2761 3245 Boetticher
2802 3196 2857 3245 in
2908 3198 2987 3247 ed.
3041 3214 3136 3249 sua

646 3282 836 3348 (Berol.
861 3279 1014 3345 1838)
1048 3281 1181 3331 inter
1213 3281 1336 3330 alias
1363 3282 1745 3345 explicationes,
1780 3292 1857 3347 (ac
1890 3284 1932 3334 si
1960 3284 2093 3333 locus
2127 3298 2257 3332 unus
2290 3282 2447 3332 tribus
2481 3280 2565 3331 vel
2596 3287 2811 3345 quatuor
2844 3284 2993 3333 variis
3026 3298 3134 3335 mo-

645 3369 721 3417 dis
756 3366 997 3431 explicari
1029 3362 1236 3430 posset):
1271 3364 1478 3415 fortasse
1513 3364 1664 3415 etiam
1701 3366 1771 3416 ita
1803 3366 2010 3429 defungi
2042 3379 2323 3429 possumus,
2358 3370 2415 3413 ut
2454 3363 2555 3415 levi
2588 3365 2965 3429 transpositione
2997 3368 3135 3433 lega-

643 3464 784 3499 mus:
810 3455 896 3499 uut
915 3456 1033 3499 ante
1056 3463 1110 3499 se
1133 3448 1426 3501 Ciceronem
1447 3457 1704 3511 numeret,
1722 3454 1809 3503 sed
1831 3451 1979 3516 plane
2003 3457 2112 3515 post
2132 3449 2495 3509 Gabinianum,
2516 3450 2550 3498 i.
2570 3464 2613 3499 e.
2638 3456 2747 3515 post
2762 3466 2831 3502 se.
2851 3450 3134 3523 (adverb.)''

710 3533 815 3586 Sed
860 3534 984 3584 talia
1025 3535 1302 3584 tentamina
1344 3536 1428 3585 vel
1462 3536 1720 3587 divinandi
1754 3537 1975 3602 pericula
2020 3550 2122 3585 non
2158 3541 2361 3599 possunt
2396 3535 2496 3584 dici
2528 3535 2975 3599 interpretationes.
3044 3538 3134 3590 Ex

639 3623 748 3669 tota
779 3618 1030 3669 Messalae
1064 3618 1393 3683 disputatione
1427 3628 1630 3685 apparet
1663 3622 2068 3673 scholasticorum
2094 3627 2377 3685 temporum
2423 3618 2629 3671 illorum
2670 3620 2801 3671 hanc
2824 3621 2989 3677 ,fuisse
3020 3636 3133 3675 sen·

639 3703 879 3764 tentiam,
913 3708 972 3753 ut
1003 3702 1149 3753 facile
1182 3709 1470 3767 paterentur
1495 3697 1554 3756 'ut
1587 3714 1701 3770 post
1732 3706 2072 3757 Gabinianum
2104 3704 2413 3755 celeberrimi
2436 3704 2654 3753 nominis
2684 3702 2941 3757 rhetorem
2974 3704 3132 3759 nomi-

639 3792 906 3837 narentur:
942 3794 1049 3838 erat
1081 3795 1252 3840 autem
1280 3788 1568 3854 persuasum
1581 3804 1588 3812 ·
1601 3792 1690 3853 iis,
1726 3806 1779 3841 se
1812 3790 2105 3844 Ciceronem
2140 3790 2276 3841 facili
2308 3790 2511 3841 vincere
2543 3804 2685 3855 posse
2718 3793 2937 3853 negotio.

709 3866 795 3935 ³⁷5)
830 3872 1057 3923 Petronii
1089 3873 1240 3925 Satir.
1275 3875 1321 3925 1.
1363 3879 1386 3924 1
1427 3890 1534 3941 sqq.

708 3950 794 4019 ¹7⁶)
829 3953 1083 4005 Asconius
1115 3959 1442 4023 peritissimus
1477 3960 1714 4010 historiae
1747 3960 1921 4009 aetatis
1954 3956 2340 4018 Ciceronianae,
2382 3958 2522 4007 cuius
2555 3959 2621 4008 ad
2647 3973 2729 4011 res
2760 3962 3131 4025 cognoscendas

627 4040 890 4105 “permulta
928 4043 1120 4093 auxilia
1151 4044 1324 4094 habuit
1337 4078 1352 4105 ,
1395 4045 1624 4109 (Madvig
1665 4044 1731 4095 de
1765 4044 1830 4105 Q.
1868 4044 1988 4094 Asc.
2026 4042 2239 4093 Pediani
2270 4044 2640 4095 commentariis
2681 4044 2936 4111 (Hauniae
2976 4046 3130 4112 1828)

641 4138 691 4189 p.
721 4126 787 4173 62
817 4124 936 4191 sq.),
971 4140 1130 4179 senex
1163 4128 1464 4191 Vespasiani
1497 4134 1723 4192 tempora
1756 4128 1977 4191 attigi-sse
1990 4166 2006 4189 ‚
2042 4137 2093 4179 et
2126 4128 2332 4177 fortasse
2365 4128 2473 4179 Titi
2510 4136 2560 4179 et
2592 4130 2895 4190 Domitiani,
2930 4130 3131 4181 videtur

638 4208 927 4274 Madvigio,
961 4213 1049 4277 qui
1075 4216 1244 4276 putat,
1273 4212 1420 4261 illum
1448 4216 1624 4262 natum
1654 4224 1761 4263 esse
1788 4212 1962 4277 paullo
1992 4218 2113 4263 ante
2138 4225 2328 4263 annum
2355 4214 2572 4277 primum
2588 4213 2799 4274 Christi,
2816 4212 2952 4279 (ibid.
2970 4228 3020 4279 p.
3046 4214 3129 4280 16)

639 4294 914 4343 secundum
946 4295 1285 4343 testimonium
1301 4294 1630 4359 Hieronymi,
1665 4297 1986 4349 conciliatum
2018 4312 2135 4347 eum
2168 4297 2407 4357 aliorum,
2453 4304 2561 4347 tum
2593 4298 2745 4363 ipsius
2778 4298 2988 4349 Asconii
3022 4312 3129 4349 ver-

638 4378 715 4429 bis
728 4414 742 4441 ,
779 4380 867 4443 qui
900 4380 1068 4429 scribit
1099 4380 1164 4429 de
1197 4378 1376 4431 Scauri
1409 4381 1582 4433 domo:
1621 4404 1646 4427 n
1660 4383 1878 4447 possidet
1913 4396 2025 4433 eam
2058 4398 2196 4433 nunc
2225 4382 2443 4447 Largius
2476 4381 2691 4434 Caecina
2720 4381 2809 4445 (sic
2842 4382 2980 4432 enim
3013 4398 3130 4433 eum

638 4462 716 4512 M.
747 4461 1018 4525 legendum
1051 4463 1160 4526 est),
1193 4466 1282 4530 qui
1314 4466 1490 4517 consul
1521 4465 1619 4517 fuit
1651 4484 1769 4518 cum
1802 4466 2066 4520 Claudio.''
2100 4467 2339 4520 Claudius
2366 4468 2426 4517 11
2458 4467 2634 4517 consul
2667 4467 2761 4517 fuit
2792 4482 2909 4517 eum
2941 4466 3132 4531 Largio

641 4544 858 4597 Caecina
887 4562 932 4596 a.
949 4563 1000 4597 u.
1021 4564 1063 4598 c.
1086 4550 1201 4599 795.
1273 4549 1479 4616 Scripsit
1506 4552 1662 4616 igitur
1687 4554 1947 4621 aliquanto
1972 4562 2083 4621 post
2110 4554 2257 4605 illum
2284 4568 2475 4604 annum
2489 4591 2504 4615 ,
2535 4560 2611 4615 et,
2647 4559 2703 4605 ut
2720 4550 2931 4615 Madvig
2964 4558 3130 4616 putat,

641 4636 752 4693 post
785 4637 1040 4681 mortuum
1073 4631 1357 4685 Claudium.
1397 4632 1535 4701 (ibid.
1571 4652 1619 4702 p.
1657 4636 1728 4703 4.)

712 4708 796 4779 ¹⁷7)
831 4715 952 4767 Asc.
979 4717 1106 4769 Ped.
1142 4734 1191 4785 p.
1229 4723 1278 4769 6.
1313 4719 1475 4771 Orell.
