3375 5500
1109 1637 1925 1714 ARGUMENTUM.

379 2425 457 2487 L.
524 2424 777 2507 Seryius
829 2425 1098 2487 Catilina
1114 2472 1134 2501 ,
1193 2427 1366 2487 homo
1407 2425 1669 2506 patricii
1711 2426 1953 2508 generis
1968 2472 1989 2501 ,
2052 2443 2275 2507 maqna
2332 2426 2394 2488 vi
2447 2431 2504 2488 et
2558 2427 2751 2490 animi

289 2565 348 2622 et
395 2561 695 2642 corporis,
737 2559 849 2622 sed
895 2561 1131 2643 inqenio
1173 2561 1332 2624 malo
1373 2579 1685 2646 pravoque
1696 2607 1717 2638 ,
1753 2562 2139 2642 praetorius,
2158 2561 2291 2648 7⁷qui
2339 2560 2467 2622 iam
2514 2581 2573 2622 a.
2606 2580 2667 2623 u.
2698 2580 2750 2624 c.

296 2695 428 2759 689
497 2695 679 2773 caede¹
741 2695 1047 2759 consulum
1093 2694 1284 2777 sacta
1348 2693 1659 2778 republica
1722 2695 1920 2776 potiri
1976 2693 2283 2770 voluerat,
2340 2692 2451 2756 sed
2501 2711 2649 2758 casu
2713 2716 2755 2758 a

291 2830 538 2894 consilio
590 2830 958 2915 eoesequendo
993 2830 1342 2913 prohibitus
1381 2836 1517 2894 erat
1527 2877 1548 2908 ,
1593 2831 1847 2895 adscitis
1892 2830 1980 2894 ad
2022 2830 2338 2893 consilium
2382 2830 2752 2913 reipublicae

287 2965 712 3047 opprimendae
758 2965 1195 3048 perditissimis
1254 2970 1312 3029 et
1373 2966 1798 3029 audacissimis
1862 2964 2201 3029 hominibus
2217 3009 2239 3040 ,
2301 2984 2450 3048 quos
2501 2965 2709 3045 inopia
2723 3011 2745 3042 ‚

287 3099 588 3181 cupiditas
604 3147 624 3177 ,
669 3100 897 3163 scelera
937 3099 1358 3178 stimulabant,
1418 3102 1791 3165 consulatum
1842 3101 1908 3163 in
1949 3120 2091 3163 ann.
2144 3119 2205 3162 u.
2257 3117 2308 3165 c.
2357 3099 2484 3162 691
2522 3098 2707 3180 petiit
2721 3124 2752 3173 ,-

287 3232 421 3310 sed,
464 3252 583 3295 non
624 3234 776 3296 satis
818 3236 1130 3297 occuHatis
1147 3283 1170 3312 ,
1212 3256 1367 3319 quae
1390 3235 1785 3318 parabantur
1801 3284 1824 3313 ,
1868 3235 2089 3299 studiis
2126 3234 2413 3299 bonorum
2453 3234 2552 3299 M.
2602 3234 2749 3297 Pul-

287 3366 404 3429 lius
454 3369 667 3432 Cicero
711 3388 846 3432 cum
895 3371 966 3433 C.
1013 3370 1278 3434 Antonio
1320 3372 1528 3435 consul
1561 3370 1787 3470 sactus
1832 3376 1938 3434 est.
2030 3370 2135 3433 Ea
2182 3389 2250 3433 re
2296 3386 2579 3431 accensus
2624 3368 2749 3429 Ca-

286 3503 494 3580 tilina,
550 3505 836 3568 Cicerone
878 3510 936 3569 et
971 3506 1235 3571 Antonio
1290 3525 1436 3573 coss.
1454 3555 1476 3585 ,
1535 3508 1745 3571 acrius
1795 3507 2048 3571 consilia
2092 3505 2363 3589 ayitabat
2376 3549 2398 3580 ,
2441 3503 2751 3565 resistente

285 3638 594 3723 diliqentia
645 3641 988 3719 Ciceronis,
1031 3642 1120 3704 ad
1155 3663 1330 3726 quem
1371 3644 1668 3727 pleraque
1724 3662 1762 3703 a
1811 3642 2040 3721 Fulvia
2089 3638 2554 3721 deserebantur,
2608 3656 2742 3697 mu-

285 3771 427 3836 liere
463 3773 690 3853 nobili,
733 3797 888 3860 quae
933 3795 1068 3840 cum
1119 3796 1238 3840 uno
1284 3797 1360 3839 eoe
1408 3778 1775 3851 coniuratis,
1827 3776 1901 3847 Q.
1956 3774 2182 3851 Curio,
2227 3773 2456 3836 amoris
2494 3789 2738 3834 consue-

283 3908 546 3973 tudinem
583 3912 856 3975 habebat.
949 3912 1167 3997 Itaque
1193 3911 1446 3995 sactum
1494 3916 1582 3974 est
1617 3914 1862 3973 senatus
1895 3909 2229 3972 consultum
2244 3954 2265 3985 ,
2312 3906 2543 3972 darent
2588 3927 2741 3990 ope-

283 4061 416 4108 ram
459 4047 754 4114 consules
766 4096 791 4127 ,
836 4069 919 4113 ne
965 4048 1123 4132 quid
1167 4046 1526 4134 respublica
1579 4044 1955 4111 detrimenti
1999 4050 2256 4129 caperet
2270 4093 2291 4123 ‚
2344 4064 2377 4107 e
2365 4044 2738 4127 ffectumque

285 4181 349 4237 ut
400 4178 668 4243 Catilina
683 4230 706 4259 ,
765 4202 950 4265 quum
998 4184 1064 4245 in
1106 4183 1462 4265 proximum
1516 4200 1742 4245 annum
1785 4152 2009 4243 iterum
2065 4179 2437 4243 consulatum
2470 4178 2739 4257 peteret,

283 4314 581 4392 repulsam
606 4313 843 4397 ferret,
889 4316 1460 4402 desiqnarenturque
1496 4318 1763 4381 consules
1807 4317 1889 4378 D.
1943 4315 2193 4378 Silanus
2230 4316 2287 4375 et
2324 4312 2403 4373 L.
2439 4310 2732 4373 Murena.

289 4444 553 4510 Catilina
616 4454 816 4513 autem
828 4497 850 4528 ,
911 4452 1109 4515 missis
1165 4454 1294 4515 iam
1353 4458 1530 4516 antea
1571 4472 1693 4535 per
1740 4451 1992 4513 Italiam
2047 4447 2133 4510 ad
2180 4448 2445 4509 homines
2490 4444 2733 4507 seditio-

284 4597 407 4659 808,
463 4584 726 4648 maoeime
767 4591 992 4651 veteres
1034 4588 1243 4671 Syllae
1293 4590 1544 4665 milites,
1603 4584 1986 4650 concitandos
2027 4583 2207 4645 sociis
2222 4628 2243 4660 ,
2289 4582 2376 4644 ad
2431 4581 2500 4644 C.
2558 4578 2641 4641 M
2642 4579 2735 4640 al-

285 4714 428 4782 lium
447 4767 466 4797 ,
527 4723 634 4805 qui
683 4724 960 4788 Faesulis
1001 4726 1068 4789 in
1114 4726 1382 4789 Etruria
1425 4744 1669 4789 manum
1719 4724 2096 4787 armatorum
2140 4720 2456 4803 oolleyerat
2466 4764 2485 4795 ,
2541 4716 2733 4800 profi-
