3375 5500
1880 382 1968 442 42

684 591 873 665 nulla
937 586 1528 662 commendatione
1601 585 1937 658 maiorum
1964 643 1983 671 ,
2062 592 2206 658 tam
2278 593 2547 660 mature
2616 587 2707 660 ad
2784 612 3131 660 summum

683 719 1052 816 imperium
1093 741 1216 814 per
1255 739 1495 788 omnes
1532 713 1873 786 honorum
1917 713 2176 811 gradus
2218 713 2506 800 extulit,
2559 715 2617 786 si
2653 722 2929 812 propter
2962 714 3131 787 invi-

683 846 869 919 diam
916 853 1036 920 aut
1083 843 1370 917 alicuius
1407 841 1694 940 periculi
1736 849 2001 915 metum
2046 842 2338 915 salutem
2390 842 2645 916 civium
2697 851 2982 917 tuorum
3018 869 3133 917 ne-

681 974 908 1072 gligis,
1012 977 1126 1046 29.
1183 972 1320 1045 Sed
1364 972 1421 1044 si
1464 970 1620 1068 quis
1660 979 1767 1042 est
1804 969 2099 1042 invidiae
2146 977 2408 1057 metus,
2458 995 2599 1043 non
2640 973 2733 1062 ⁰⁷)
2784 979 2889 1044 est
2937 973 3133 1044 vehe-

680 1102 983 1176 mentius
1055 1101 1433 1174 severitatis
1491 1125 1568 1172 ec
1632 1098 2057 1172 fortitudinis
2123 1098 2380 1171 invidia
2444 1099 2656 1196 qua'm
2709 1099 2997 1172 inertiae
3058 1127 3133 1174 ac

677 1229 1027 1327 nequitiae
1077 1227 1640 1324 pertimescenda.
1746 1228 1902 1313 An,
1956 1251 2175 1323 quum
2239 1225 2420 1300 bello
2468 1227 2850 1300 vastabitur
2890 1229 3091 1302 Italia
3114 1289 3131 1314 ,

681 1356 1116 1429 vexabuntur
1169 1357 1411 1442 urbeS‚
1466 1363 1644 1429 tecta
1700 1353 2083 1441 ardebunt,
2136 1361 2289 1426 tum
2345 1362 2413 1427 te
2464 1379 2602 1428 non
2642 1355 2994 1429 existimas
3032 1356 3131 1428 in-

765 1517 829 1586 57)
866 1535 1004 1569 num.

669 1829 771 1879 tur
806 1839 875 1878 ea
918 1819 1101 1880 verba
1151 1837 1303 1895 quae
1342 1837 1520 1896 supra
1565 1818 1823 1879 laudavi.
1908 1853 1987 1862 —
2029 1825 2147 1878 tam
2187 1823 2443 1887 παίωνα
2485 1837 2609 1877 non
2650 1827 2887 1877 mature
2938 1837 3139 1898 perve-

667 1916 759 1974 nit
784 1913 991 1973 Cicero
1028 1914 1102 1974 ad
1126 1935 1228 1974 eos
1262 1914 1550 1982 honores,
1594 1934 1747 1993 quos
1772 1934 1977 1974 omnes
2008 1933 2117 1974 suo
2142 1933 2299 1974 anno
2330 1914 2583 1993 adeptus
2616 1924 2722 1974 est.
2754 1949 2836 1960 ——
2866 1934 3144 1976 summum

669 2010 984 2088 imperium.
1072 2009 1151 2068 At
1193 2012 1278 2070 sie
1315 2029 1437 2069 non
1475 2011 1701 2071 dicitur
1736 2011 2112 2077 consulatuS,
2156 2011 2231 2068 de
2268 2027 2389 2087 quo
2428 2019 2629 2070 tamen
2670 2009 2769 2070 hie
2806 2029 3143 2071 sermonem

668 2123 825 2172 esse,
885 2104 1271 2163 manifestum
1331 2115 1438 2164 est.
1523 2139 1604 2148 —
1644 2104 1888 2163 inertiae
1936 2121 2006 2161 ac
2062 2103 2367 2181 nequitiae.
2467 2102 2631 2172 Quae
2677 2124 2855 2185 supra
2898 2106 3023 2165 dixi
3068 2107 3142 2165 de

667 2201 905 2262 duobus
969 2219 1127 2260 vocc.
1207 2201 1444 2278 saepius
1517 2199 1590 2260 ab
1657 2209 1896 2258 oratore
1962 2200 2302 2258 coniunctis
2360 2198 2464 2258 ubi
2522 2201 2778 2260 alterum
2833 2201 3145 2279 eleganter

669 2296 962 2362 abundat,
999 2296 1282 2374 coniungi
1329 2305 1580 2374 possunt
1623 2315 1761 2356 cum
1806 2295 2225 2355 observatione
2268 2292 2632 2362 Morstadtii‚
2676 2315 2728 2373 p.
2762 2295 2835 2354 36
2868 2315 2980 2373 sq.,
3027 2315 3179 2374 qua,

666 2392 1140 2457 demonstratur,
1199 2409 1377 2467 quam
1435 2410 1610 2468 saepe
1669 2391 1915 2451 eaedem
1972 2391 2268 2449 dictiones
2324 2399 2387 2448 et
2437 2390 2619 2450 verba
2670 2390 2877 2450 eadem
2920 2392 2982 2448 in
3027 2390 3142 2449 hac

666 2487 834 2547 brevi
879 2486 1150 2546 oratione
1186 2494 1516 2545 recurrant.
1582 2483 1924 2544 Describam
1969 2505 2157 2544 unum
2200 2487 2578 2564 alterumque
2612 2487 2967 2565 exempulm.
3042 2485 3139 2546 Sic

665 2603 718 2643 v.
756 2603 803 2643 c.
868 2601 1012 2663 quae
1067 2603 1196 2644 eam
1251 2582 1335 2642 ita
1387 2582 1504 2641 sint
1561 2580 1815 2641 Catilina
1870 2580 1937 2661 (5
1987 2583 2064 2640 10
2120 2591 2182 2642 et
2232 2581 2281 2661 5
2336 2581 2465 2662 20);
2530 2602 2641 2642 »ne
2695 2599 3033 2640 commovere
3088 2587 3139 2640 te

667 2683 866 2737 contra
907 2677 1314 2757 rempublicam
1343 2675 1564 2755 possis’'
1607 2675 1655 2756 5
1677 2678 1713 2734 6
1752 2686 1813 2735 et
1843 2676 1890 2756 5
1915 2677 1966 2735 7.
2006 2675 2297 2755 turpitudo
2331 2676 2635 2738 domestica
2664 2677 2710 2758 5
2741 2678 2817 2736 13
2855 2687 2916 2736 et
2952 2676 3001 2757 5
3039 2665 3166 2744 14;'

663 2775 990 2852 vacuefactio
1045 2776 1208 2853 quod
1259 2792 1396 2834 raro
1450 2774 1678 2852 legitur
1729 2774 1889 2852 apud
1936 2771 2211 2841 LatinoS,
2275 2774 2585 2833 invenitur
2625 2775 2672 2854 5
2714 2775 2792 2832 14-
2834 2783 2895 2833 et
2938 2774 2988 2853 5
3035 2775 3142 2840 16,

667 2870 944 2948 supplicio
987 2878 1272 2938 mactare,
1331 2870 1492 2949 quod
1531 2868 1811 2928 Latinum
1848 2888 1971 2929 non
2008 2879 2125 2937 est,
2174 2868 2223 2949 5
2262 2870 2343 2929 27
2381 2879 2443 2929 et
2476 2870 2526 2949 5
2562 2870 2654 2929 33.
2710 2905 2792 2915 —-
2845 2867 3144 2930 Luculen-

666 2977 796 3026 tum
853 2968 1193 3045 exemplum
1249 2976 1342 3025 est
1401 2967 1464 3025 in
1519 2965 1567 3045 5
1617 2965 1725 3024 30:
1796 2964 1969 3025 Nunc
2026 2965 2318 3043 intelligo,
2374 2967 2425 3026 si
2483 2968 2631 3034 iste,
2688 2984 2807 3043 quo
2850 2964 3144 3034 intendit,

667 3063 728 3120 in
787 3060 1062 3121 Malliana
1120 3074 1312 3122 castra
1369 3063 1745 3141 pervenerit,
1800 3063 2105 3123 neminem
2162 3072 2285 3121 tam
2336 3064 2593 3129 stultum
2650 3062 2808 3129 fore,
2864 3063 2967 3139 qui
3020 3082 3145 3123 non

663 3157 867 3217 videat
929 3159 1404 3217 coniurationem
1469 3178 1600 3217 esse
1661 3159 1913 3225 saetam,
1975 3157 2278 3217 neminem
2322 3166 2445 3217 tam
2488 3157 2826 3236 improbum
2870 3158 2975 3235 qui
3020 3178 3145 3218 non

663 3252 941 3311 fateatur.
1028 3250 1153 3312 Hoc
1195 3262 1400 3311 autem
1443 3272 1565 3312 uno
1607 3254 1931 3313 interfecto
1982 3252 2241 3330 intelliyo
2289 3252 2445 3313 hanc
2494 3252 2860 3332 reipublicae
2908 3264 3143 3332 pestem

662 3348 988 3428 paullisper
1041 3349 1318 3426 reprimi,
1373 3366 1496 3407 non
1545 3350 1608 3408 in
1652 3359 2013 3427 perpetuum
2056 3349 2365 3426 comprimi
2409 3347 2638 3428 posse.’'
2722 3347 2897 3408 Hisce
2939 3367 3141 3409 exem-

664 3445 776 3521 plis
839 3443 1058 3520 quibus
1111 3444 1284 3503 facile
1343 3454 1501 3503 esset
1557 3445 1740 3503 etiam
1796 3445 1966 3524 plura
2032 3445 2279 3512 addere,
2338 3446 2788 3504 adnumeranda
2847 3455 2943 3504 est
3000 3464 3142 3506 con-

659 3539 890 3597 iunctio
945 3538 1188 3599 inertiae
1229 3556 1298 3599 ac
1339 3539 1651 3619 nequitiae,
1695 3560 1851 3618 quae
1894 3540 2077 3601 etiam
2114 3540 2372 3599 occurrit
2416 3539 2464 3619 5
2506 3540 2545 3598 4
2588 3540 2625 3599 s.
2713 3539 2909 3609 Quare
2953 3542 3142 3601 verba

663 3653 732 3694 ea
795 3633 872 3693 de
935 3652 1111 3694 causa
1173 3635 1674 3715 reprehendenda
1752 3648 1894 3697 sunt
1980 3637 2143 3715 quod
2221 3638 2285 3697 in
2362 3635 2711 3696 Ciceronem
2792 3656 2915 3695 non
2998 3656 3139 3697 con-

661 3731 937 3799 veniant;
1015 3733 1213 3792 solent
1279 3735 1442 3793 enim
1511 3734 1630 3793 dici
1700 3734 1776 3793 de
1832 3733 2179 3794 hominibus
2252 3734 2629 3812 turpissimis
2693 3766 2775 3777 --
2836 3738 2979 3791 tecta
3044 3752 3139 3793 ar·

659 3825 896 3895 debunt,
959 3827 1209 3888 invidiae
1269 3828 1530 3890 incendio
1598 3831 2103 3909 conflaqrataram.
2206 3828 2372 3889 Belle
2450 3828 2817 3887 declamator
2888 3829 3139 3888 coniun-

661 3922 751 4000 git
813 3923 1024 3983 ardere
1080 3934 1142 3983 et
1193 3924 1567 4005 conflagrare
1624 3928 1687 3985 in
1756 3926 1869 3986 hac
1932 3926 2268 3991 sententia,
2338 3925 2597 3983 alterum
2660 3926 2923 4003 proprie,
2988 3927 3137 3985 alte-

661 4036 794 4075 rum
858 4020 1145 4078 translate
1209 4039 1534 4099 usurpans;
1591 4042 1708 4100 qua
1759 4024 1809 4081 si
1862 4023 2087 4081 multos
2146 4020 2385 4087 audias,
2440 4018 2593 4078 nihil
2650 4021 3012 4099 elegantiuS,
3071 4032 3139 4081 ut

659 4112 808 4172 mihi
866 4122 1066 4173 tamen
1115 4116 1359 4174 videtur
1406 4117 1557 4175 nihil
1616 4119 1807 4197 magis
1858 4118 2211 4197 languidum
2276 4136 2405 4177 esse
2465 4125 2679 4195 potest.
2762 4150 2844 4161 —-
2884 4116 3140 4177 invidiae

659 4208 935 4269 incendio.
1020 4209 1171 4271 Male
1213 4213 1447 4273 luditur
1481 4214 1921 4293 significatione
1967 4234 2091 4276 voe.
2136 4214 2425 4285 invidiam
2470 4215 2707 4294 scripsit
2750 4215 2911 4273 enim
2954 4213 3136 4293 528:

661 4325 782 4365 »an
818 4307 993 4367 times
1029 4309 1315 4370 invidiam
1350 4312 1722 4390 posteritatis
1765 4313 1801 4371 i.
1835 4332 1885 4372 e.
1922 4313 2181 4381 invidia,
2225 4331 2377 4392 quae
2410 4332 2487 4373 ex
2528 4322 2691 4372 recte
2736 4310 2909 4371 factis
2943 4312 3136 4371 nasei-

661 4411 790 4469 tur;
833 4412 896 4461 et
945 4405 1145 4481 paullo
1189 4416 1346 4487 post:
1389 4408 1539 4469 »sed
1577 4410 1626 4469 si
1668 4409 1804 4487 quis
1842 4418 1933 4469 est
1962 4408 2212 4469 invidiae
2244 4418 2475 4476 metuS,
2517 4426 2663 4467 num
2691 4417 2784 4467 est
2811 4406 3134 4467 vehemen-

660 4496 782 4555 tius
845 4500 1184 4561 severitatis
1247 4524 1314 4563 ac
1377 4504 1751 4566 fortitudinis
1807 4504 2027 4564 invidia
2081 4540 2164 4551 —·-
2210 4503 2673 4584 pertimescenda.
2770 4500 2941 4561 Nunc
2985 4520 3133 4563 vero

659 4593 884 4669 invidia
949 4606 1040 4655 est
1096 4598 1246 4659 illud
1303 4601 1510 4663 odium
1573 4602 1735 4680 quod
1795 4602 1991 4660 oritur
2046 4621 2119 4662 ex
2169 4604 2325 4662 male
2369 4602 2572 4669 sactis,
2627 4600 2799 4659 cuius
2848 4600 3132 4661 incendio

657 4689 956 4763 quomodo
999 4694 1134 4770 quis
1167 4694 1594 4775 conflagrabit,
1637 4716 1823 4775 quum
1866 4697 2015 4759 haec
2062 4700 2145 4760 ita
2182 4700 2299 4760 dici
2337 4717 2458 4759 non
2494 4696 2764 4776 possint?
