3375 5500
757 1011 1476 1100 INVEOTIVA
1558 959 2239 1106 cicnRoNrs

1468 1334 1534 1378 IN

1016 1595 1983 1708 CATILINAM.

397 2529 806 2595 INVECTIVA
847 2527 1240 2591 CICERONIS
1281 2529 1586 2592 CONTRA
1625 2530 2049 2593 CATILINAM
2090 2531 2600 2595 PRAESERTEM

1276 2639 1356 2702 IN
1403 2641 1723 2704 SENATU.
2724 2649 2729 2654 '

1294 2982 1719 2994 Q.

369 3254 528 3326 Non
604 3260 710 3327 est
775 3254 1072 3352 amplius
1153 3260 1429 3350 tempus
1504 3251 1628 3325 otii
1696 3252 1775 3325 P.
1835 3250 1915 3325 O.
2016 3251 2178 3324 Non
2254 3259 2359 3323 est
2426 3228 2722 3351 amplius

274 3398 462 3471 locus
506 3404 976 3496 praestantum
1019 3397 1090 3469 in
1135 3396 1378 3482 Italia3
1428 3395 1640 3495 pestis
1684 3395 1927 3469 Italiae
1983 3396 2055 3467 in
2106 3395 2379 3469 civitate
2424 3395 2719 3471 civitatis

271 3540 667 3615 incendium
733 3541 856 3614 alit
913 3549 983 3614 et
1043 3540 1284 3614 crescit
1359 3540 1434 3613 in
1489 3540 1635 3613 dies
1684 3565 1763 3613 ac
1806 3539 1983 3613 vires
2027 3540 2362 3614 maximas
2409 3541 2714 3639 suscipit.

268 3686 362 3758 Et
407 3684 542 3759 nisi
606 3710 892 3783 propere
949 3685 1038 3759 sit
1080 3684 1496 3758 exstinctum
1517 3741 1536 3770 ,
1584 3687 1724 3757 n'on
1778 3683 1985 3755 modo
2032 3682 2274 3755 urbem
2316 3683 2437 3755 sed
2477 3684 2712 3757 orbem

267 3835 494 3901 totum
541 3828 1036 3925 pessumdabit.
1107 3828 1403 3901 Catilina
1443 3828 1521 3901 P.
1557 3827 1636 3902 C.
1688 3827 1799 3899 hic
1840 3833 1981 3913 est,
2030 3826 2152 3923 qui
2201 3826 2330 3899 deo
2376 3832 2445 3898 et
2492 3826 2711 3900 homi-

266 3970 473 4044 nibus
501 3970 826 4058 infestuS,
866 3971 964 4045 ire
1001 3972 1349 4071 perditum
1379 3970 1670 4070 patriam
1697 3976 1768 4043 et
1805 3969 1985 4042 cives
2020 3968 2289 4056 nititur,
2329 3966 2453 4067 qui
2488 3976 2568 4043 ut
2598 3970 2709 4043 sui

262 4114 621 4189 libidinem
689 4116 904 4190 animi
965 4118 1235 4216 expleat
1282 4116 1584 4191 iustitiae
1643 4123 1715 4188 et
1757 4114 2035 4215 pietatis
2079 4114 2443 4189 immemor
2481 4114 2705 4188 factus

261 4264 404 4345 est,
454 4258 578 4356 qui
621 4258 712 4332 ad
753 4260 1085 4334 honorem
1125 4260 1276 4333 iure
1319 4259 1451 4334 sibi
1494 4284 1616 4359 per
1661 4284 1779 4333 vos
1820 4265 2191 4357 negatum,
2242 4258 2422 4332 viam
2464 4282 2703 4357 parare

257 4402 452 4501 eupit
487 4411 706 4477 morte
747 4402 1084 4478 bonorum
1103 4462 1124 4490 ‚
1151 4402 1342 4477 urbis
1380 4404 1732 4493 incendi0‚
1771 4402 1970 4501 Reip.
2014 4402 2443 4475 detrimento,
2516 4400 2705 4475 Nam

255 4550 622 4643 postquam
683 4570 922 4625 omnes
967 4570 1127 4620 suos
1181 4551 1251 4619 et
1294 4545 1550 4621 famam
1600 4546 1977 4646 perniciose
2022 4543 2311 4617 vivendo
2360 4541 2699 4641 perdidit,

255 4686 551 4787 qualiter
589 4714 710 4765 vos
749 4698 820 4766 et
863 4716 1077 4791 remp.
1125 4691 1409 4790 perdere
1454 4690 1670 4790 possit
1720 4713 2083 4788 aggressus
2130 4694 2254 4761 est.
2357 4682 2699 4757 Homines
