3375 5500
2634 423 2763 466 XXV

287 605 573 673 Messala
627 606 724 668 M.
779 605 1018 671 Pisone
1073 625 1236 672 coss.
1293 607 1417 691 1²²)
1489 604 1895 673 mentionem
1960 605 2189 673 fecisse
2259 607 2571 676 orationis
2619 610 2764 676 Me-

285 725 554 791 tellinae
570 773 592 803 ,
649 745 844 810 quam
919 725 1085 791 dixit
1143 725 1216 789 in
1265 725 1614 791 Metellum
1630 774 1651 802 ‚
1713 726 1827 810 qui
1874 725 2027 792 trib.
2076 725 2163 811 pl.
2220 747 2291 792 se
2345 727 2767 813 impediverat

286 843 638 927 quominus
651 891 672 922 ,
717 866 916 927 quum
960 842 1372 912 consulatum
1405 842 1793 929 deponeret,
1836 845 2031 911 verba
2056 844 2141 909 ad
2165 846 2478 932 populum
2503 846 2763 914 faceret.

283 963 516 1028 Oratio
579 962 696 1028 illa
759 962 983 1028 habita
1038 968 1138 1028 est
1189 967 1417 1028 contra
1480 962 1855 1030 contionem
1918 963 2179 1030 Metelli
2244 964 2466 1049 paucis
2539 964 2765 1032 diebus

279 1085 632 1167 postquam
699 1083 776 1144 L.
825 1082 1108 1147 Murena
1175 1086 1242 1146 et
1297 1079 1383 1143 D.
1445 1080 1707 1145 Silanus
1755 1082 2207 1166 magistratum
2258 1082 2542 1150 inierant
2598 1085 2721 1168 ¹²⁸)
2744 1132 2764 1161 ‚

279 1201 554 1286 eiusque
599 1204 1054 1284 argumentum
1103 1199 1461 1266 arctissime
1502 1201 1891 1267 cohaerebat
1938 1223 2090 1268 eum
2144 1203 2595 1270 coniuratione
2641 1203 2765 1268 Ca-

277 1319 572 1386 tilinaria
613 1326 681 1385 et
723 1319 992 1384 omnino
1031 1339 1178 1384 cum
1217 1317 1549 1386 Ciceronis
1581 1320 1947 1386 consulatu.
2006 1321 2191 1386 Haec
2236 1321 2445 1388 oratio
2459 1370 2480 1399 ,
2516 1343 2595 1387 ex
2632 1343 2760 1405 qua

277 1438 772 1510 Quinctilianus
835 1437 1052 1503 locum
1113 1435 1301 1503 affert
1347 1436 1470 1526 ¹²⁴)
1496 1484 1516 1515 ,
1579 1438 1808 1504 eadem
1850 1445 1950 1505 est
2010 1459 2203 1523 quam
2261 1439 2489 1506 Cicero
2537 1447 2763 1524 postea

275 1582 319 1624 a
393 1580 465 1626 se
537 1557 890 1624 abiudicari
963 1555 1300 1642 cupiebat,
1375 1557 1614 1642 quippe
1682 1557 2119 1643 negligentius
2188 1559 2493 1645 scriptam
2566 1581 2763 1644 quam

280 1683 532 1744 ceteras
579 1680 730 1763 ¹²⁵).
1748 1691 1752 1697 ·
2682 1643 2713 1674 ⁸

371 1799 563 1862 Quae
613 1795 850 1862 deinde
897 1797 1123 1864 scribit
1171 1796 1442 1864 niisdem
1489 1820 1567 1864 ex
1599 1799 1782 1865 libris
1824 1798 2169 1884 perspicies
2216 1805 2283 1865 et
2332 1819 2499 1882 quae
2548 1823 2762 1886 gesse-

279 1918 406 1980 rim
453 1922 521 1982 et
550 1937 716 2001 quae
749 1915 1091 1995 dixerim'',
1113 1919 1318 2002 magis
1345 1917 1620 1983 ridicula
1649 1924 1807 1984 sunt
1834 1939 2032 2003 quam
2060 1918 2190 1984 diei
2217 1926 2453 2003 potest.
2498 1923 2759 1988 Atticus

280 2035 456 2102 enim
513 2056 628 2121 per
663 2041 881 2101 totum
921 2036 1204 2120 spatium
1254 2037 1629 2101 consulatus
1681 2036 2013 2102 Ciceronis
2067 2037 2317 2103 Romae
2372 2040 2585 2106 fuerat
2633 2041 2757 2129 ¹2⁸³)

281 2177 359 2224 eo
408 2155 682 2222 consilio
702 2203 723 2234 ,
768 2161 846 2221 ut
865 2157 1075 2223 amico
1101 2156 1378 2222 adesset.
1444 2156 1695 2222 Consul
1718 2157 1871 2221 eum
1898 2156 2277 2240 signiferum
2312 2163 2379 2224 et
2404 2159 2759 2244 principem

285 2297 436 2340 cum
485 2275 782 2358 equitatu
835 2275 908 2338 in
962 2274 1130 2341 clivo
1188 2274 1562 2359 Capitolino
1611 2274 2041 2340 collocaverat
2074 2274 2199 2361 ¹²⁷)
2218 2321 2239 2352 ,
2296 2298 2425 2360 quo
2468 2282 2760 2363 tempore

283 2394 570 2460 Catilina
631 2394 702 2458 in
759 2397 1009 2460 Senatu
1063 2399 1202 2459 erat
1249 2399 1316 2459 et
1366 2393 1595 2458 Cicero
1653 2393 2017 2458 orationem
2070 2393 2141 2458 in
2192 2415 2342 2459 eum
2397 2392 2580 2460 dixit.
2681 2397 2760 2460 111

288 2514 470 2580 omni
524 2535 595 2579 re
643 2513 897 2578 Tullius
950 2535 1106 2578 usus
1153 2518 1291 2578 erat
1337 2511 1626 2577 consiliis
1672 2513 1907 2578 Attici·
1936 2532 2053 2596 pro
2099 2511 2334 2578 intima
2383 2535 2607 2579 eorum
2660 2515 2758 2579 fa-

288 2631 698 2712 miliaritate3
741 2639 808 2699 et
850 2631 1002 2698 huic
1032 2631 1317 2710 homini,
1353 2653 1558 2718 paene
1584 2631 1869 2698 triennio
1897 2633 2044 2716 post
2060 2680 2081 2708 ‚
2108 2633 2489 2700 Ciceronem
2518 2632 2760 2698 oratio-

287 2775 402 2819 nes
465 2753 716 2819 misisse
767 2753 938 2819 serio
1000 2751 1353 2819 contendas
1415 2749 1504 2818 ut‘
1551 2749 1933 2836 perspiceret
1980 2773 2134 2837 quae
2178 2755 2459 2837 yos-risset
2504 2760 2561 2817 et
2604 2774 2760 2838 quae

285 2874 587 2937 dimi-eset!
677 2873 868 2941 Quae
910 2873 1104 2939 verba
1153 2873 1352 2939 etiam
1401 2873 1532 2938 alio
1580 2873 1848 2938 nomine
1888 2872 2169 2939 absurda
2213 2880 2387 2940 sunt.
2473 2875 2649 2938 Nam
2687 2873 2759 2936 in

286 2993 479 3059 initio
544 2993 738 3059 huius
795 2993 1108 3080 epistolae
1181 2992 1410 3058 Cicero
1467 2992 1693 3059 scribit
1748 2992 1876 3057 sibi
1948 2990 2155 3057 Attici
2220 2991 2800 3056 commentarium·

289 3116 536 3181 Graece
575 3114 890 3201 scriptum
928 3113 1011 3179 de
1059 3102 1402 3179 consulatu
1448 3110 1568 3177 suo
1617 3132 1759 3177 esse
1800 3109 2163 3189 redditum,
2210 3110 2325 3195 qui
2370 3118 2509 3176 tam
2550 3109 2759 3176 amice

287 3234 684 3318 conspiraret
728 3254 880 3299 cum
923 3232 1128 3318 ipsius
1176 3231 1378 3295 Tullii
1423 3230 1506 3297 de
1542 3229 1777 3297 iisdem
1816 3230 2011 3296 rebus
2048 3229 2217 3295 libro
2232 3277 2253 3308 ,
2294 3234 2372 3295 ut
2408 3229 2763 3297 laetaretur

289 3374 356 3418 se
418 3348 608 3418 illum
669 3359 863 3419 antea
917 3351 1000 3419 ad
1040 3352 1339 3421 Atticum
1393 3351 1850 3437 perferendum
1910 3349 2164 3416 dedisse
2182 3375 2225 3414 :-.
2266 3376 2300 3410 o
2320 3372 2473 3415 nam
2524 3350 2580 3413 si
2636 3370 2757 3433 ego

288 3480 476 3538 tuum
521 3478 714 3539 antea
752 3474 1049 3559 legissem
1066 3522 1088 3552 ,
1125 3474 1422 3539 furatum
1450 3494 1558 3538 me
1605 3472 1721 3537 abs
1756 3478 1824 3537 te
1864 3468 2179 3537 diceres.''
2249 3469 2410 3535 Non
2458 3489 2631 3553 opus
2658 3476 2759 3534 est

289 3598 362 3657 ut
413 3593 818 3678 inquiramus
863 3594 1008 3678 quis
1055 3593 1294 3678 primas
1351 3597 1566 3677 partes
1620 3590 1827 3674 egerit
1871 3590 1942 3654 in
1991 3588 2108 3654 illo
2163 3587 2369 3655 Attici
2425 3610 2755 3654 commen·

293 3710 456 3777 tario
474 3761 496 3791 ‚
534 3714 648 3798 qui
687 3711 1017 3779 Ciceronis
1066 3710 1234 3777 libro
1279 3710 1650 3775 simillimus
1701 3714 1877 3787 erat3
1923 3708 2152 3773 consul
2197 3712 2265 3772 et
2310 3711 2529 3771 orator
2561 3706 2757 3772 facie-

292 3833 402 3899 bat
441 3841 786 3919 utramque
816 3834 1152 3919 paginam,
1200 3837 1266 3896 et
1312 3831 1415 3896 vel
1447 3830 1540 3895 sic
1583 3836 1805 3894 tamen
1819 3876 1840 3904 ‚
1876 3826 2069 3892 credo
2084 3873 2106 3903 ‚
2149 3831 2297 3910 post
2336 3825 2531 3890 huius
2576 3846 2754 3893 com-

294 3954 592 4019 mentarii
651 3953 1007 4019 editionem
1060 3949 1320 4017 Atticus
1375 3948 1605 4015 avebat
1653 3947 1820 4013 scire
1864 3944 2021 4031 quid
2066 3944 2295 4011 Cicero
2332 3945 2633 4030 gessisset
2691 3952 2759 4009 et

353 4239 436 4306 1²²)
469 4242 573 4295 cic.
610 4246 676 4295 ad
709 4244 820 4296 Att.
857 4245 903 4295 1.
946 4248 1008 4295 13
1045 4244 1079 4293 f.

353 4324 435 4394 ¹²⁵)
470 4329 762 4391 Brfickner‚
795 4329 972 4381 Leben
1007 4329 1096 4380 des
1129 4329 1205 4379 M.
1242 4327 1444 4379 Tullius
1478 4326 1656 4381 Cicero
1689 4344 1740 4391 p.
1778 4330 1898 4377 263.
1932 4324 2087 4392 ((ἷὸιι.
2131 4321 2298 4388 1852).

355 4408 439 4471 ¹²³)
473 4414 678 4477 Quinct.
713 4414 814 4465 IX.
851 4420 902 4465 3.
937 4413 964 4478 5
999 4417 1082 4463 50.

355 4494 438 4563 ¹²⁵)
472 4498 578 4550 cic.
615 4501 680 4550 ad
713 4499 826 4550 Att.
861 4499 965 4549 ΙΙΙ.
1009 4502 1088 4547 12.
1123 4496 1150 4561 §
1184 4503 1237 4545 2.

356 4576 438 4647 ¹²⁶)
473 4584 610 4634 Vide
645 4583 1012 4634 Hullemanum
1048 4581 1102 4631 in
1139 4580 1350 4633 diatriba
1387 4581 1520 4632 laud.
1560 4596 1608 4645 p.
1647 4584 1731 4629 38.
1768 4576 1933 4641 ibique
1968 4580 2209 4627 auctores.

355 4660 438 4733 ¹²7)
473 4664 576 4718 Cic.
614 4667 679 4717 ad
715 4667 824 4720 Att.
861 4668 932 4719 11.
978 4671 1019 4717 1.
1057 4664 1082 4730 §
1122 4666 1166 4713 7.
