3375 5500
1872 381 1914 442 8

667 593 932 669 sentis?
1005 588 1466 664 Constrictam
1512 585 1652 659 iam
1700 585 1947 660 horum
1986 587 2299 661 omnium
2338 588 2763 666 conscientia.
2787 595 2851 685 2)
2903 597 3144 670 teneri

663 720 1199 798 coniurationem
1236 726 1431 791 tuam
1463 739 1602 790 non
1641 714 1887 790 vides?
1956 716 2151 794 Quid
2183 715 2495 816 proxima
2515 776 2533 805 ,
2572 719 2743 816 quid
2778 723 3145 820 superiore

664 856 863 925 nocte
892 848 1113 948 egeris
1133 906 1151 935 ,
1179 845 1302 921 ubi
1334 844 1578 933 fueriS,
1603 867 1778 943 quos
1808 845 2278 919 convocaveris
2297 904 2317 933 ,
2344 847 2516 944 quid
2540 849 2806 923 consilii
2830 855 3143 951 ceperiS,

665 1004 874 1079 quem
915 984 1229 1052 nostrum
1269 975 1584 1074 ignorare
1629 972 2032 1047 arbitraris?
2134 977 2201 1048 2.
2277 975 2343 1047 Ο
2382 979 2720 1074 tempora!
2772 1003 2815 1051 o
2854 1004 3092 1055 mores
3123 984 3139 1054 l

665 1109 962 1182 Senatus
1003 1107 1170 1180 haec
1215 1102 1579 1202 intelligit,
1629 1102 1871 1176 consul
1908 1101 2131 1190 videt,
2175 1101 2287 1175 hic
2322 1107 2553 1176 tamen
2594 1105 2780 1180 vivit.
2882 1108 3143 1183 Vivit?

664 1237 880 1310 immo
925 1260 1080 1309 vero
1127 1234 1338 1308 etiam
1384 1233 1458 1306 in
1512 1231 1847 1306 Senatum
1894 1229 2116 1318 venit3
2170 1231 2252 1304 fit
2297 1231 2559 1329 publici
2601 1233 2867 1308 consilii
2907 1237 3137 1334 parti-

752 1385 794 1456 ²)
829 1388 1048 1442 scientia.

659 1606 924 1686 legibus,
966 1606 1234 1673 ratione,
1275 1613 1374 1664 ut:
1415 1601 1795 1682 obstringere
1832 1601 2125 1680 religione
2162 1598 2312 1660 Phil.
2348 1599 2418 1660 II.
2451 1599 2528 1661 33
2564 1599 2613 1682 S
2646 1601 2743 1662 63.
2824 1603 3148 1674 Quomodo

659 1720 805 1763 vero
861 1701 1228 1769 coniuratio,
1283 1718 1437 1778 quae
1479 1698 1683 1777 inepte
1728 1697 1954 1758 dicitur
1997 1703 2127 1765 tua,
2172 1715 2239 1755 ac
2282 1696 2332 1756 si
2375 1697 2555 1758 unius
2598 1709 2661 1758 et
2704 1717 2826 1760 non
2870 1703 3149 1780 plurium

660 1808 850 1866 esset,
906 1798 1229 1858 constricta
1285 1795 1404 1856 dici
1453 1804 1681 1875 potest,
1724 1793 1948 1856 idcirco
1990 1792 2153 1873 quod
2194 1791 2295 1852 alii
2337 1793 2618 1854 noverint
2660 1797 3151 1860 coniurationem

660 1912 791 1954 esse
853 1892 1112 1954 factam?
1203 1890 1522 1952 Praeterea
1581 1909 1712 1950 rem
1774 1890 2116 1950 inaccurate
2182 1890 2429 1968 exponit
2490 1890 2888 1963 declamator,
2950 1915 3150 1975 quum

663 1987 865 2047 horum
919 1987 1170 2047 ommium
1223 1985 1472 2045 scientia
1529 1985 1690 2045 dicat
1739 1986 2217 2045 coniurationem
2260 1987 2648 2047 constrictam
2691 1991 2918 2060 teneri;
2962 2002 3151 2053 erant

662 2083 822 2144 enim
880 2083 944 2142 in
1001 2090 1246 2152 senatu,
1303 2081 1406 2160 qui
1463 2099 1600 2143 cum
1657 2079 1911 2140 Catilina
1964 2080 2123 2161 apud
2167 2078 2239 2139 M.
2285 2078 2541 2143 Laecam
2584 2096 3028 2157 convenerant,
3076 2097 3150 2148 ut

661 2190 754 2241 est
805 2182 869 2241 in
909 2180 1022 2242 hac
1065 2182 1192 2262 ipsa
1238 2181 1508 2241 oratione
1552 2179 1601 2261 S
1635 2181 1706 2249 8,
1750 2180 1818 2248 9;
1862 2179 1948 2240 sic
1989 2178 2175 2238 nimia
2218 2177 2445 2253 αὐξήσει
2488 2180 2685 2240 utitur
2727 2181 2791 2242 in
2834 2182 2940 2251 iis,
2983 2202 3151 2262 quae

662 2276 865 2356 paullo
928 2288 1060 2356 post
1122 2280 1437 2359 leguntur:
1495 2276 1849 2338 »Catilinam
1905 2275 2223 2354 designare
2278 2292 2723 2356 unumquemque
2778 2275 3151 2338 Senatorum

662 2372 739 2432 ad
795 2373 1055 2434 caedem.
1111 2407 1192 2418 ——
1237 2372 1540 2452 proxima,
1596 2372 1921 2450 superiorc;
1976 2371 2092 2432 hoc
2147 2371 2431 2432 vitiosum
2474 2389 2636 2440 esse,
2678 2372 2803 2432 dixi
2846 2373 2909 2432 in
2950 2374 3152 2434 intro-

661 2466 944 2528 ductione
988 2488 1042 2548 p.
1087 2486 1224 2528 wa
1267 2487 1392 2547 sqq.
1427 2502 1510 2512 —
1543 2467 1750 2545 egeris,
1792 2467 2008 2544 fueris,
2050 2467 2465 2537 convocaveris,
2506 2468 2736 2547 ceperis.
2801 2468 2951 2530 Male
2986 2469 3154 2530 haec

661 2565 746 2626 ita
787 2575 1125 2645 ponuntur;
1169 2563 1551 2625 scribendum
1593 2563 1833 2624 fuisset:
1876 2562 2084 2640 fucris,
2127 2563 2535 2632 convocaveris,
2578 2565 2783 2642 egeris,
2826 2565 3068 2644 ceperis,

746 2660 793 2720 0
834 2663 1122 2741 tempora!
1167 2660 1214 2721 O
1252 2662 1468 2721 mores!
1506 2695 1589 2706 —-
1628 2657 2002 2720 machinaris.
2086 2657 2407 2720 Notissima
2441 2668 2535 2718 est
2569 2659 2717 2720 haec
2752 2661 3147 2730 exclamatio,

663 2777 694 2818 o
737 2765 986 2839 tempora
1029 2779 1060 2820 o
1101 2778 1314 2828 mores,
1355 2769 1565 2819 nostro
1600 2759 1733 2818 loco
1769 2758 1974 2836 inepte
2008 2765 2071 2816 et
2107 2757 2333 2817 insulse
2369 2756 2584 2835 posita;
2622 2754 2933 2825 MartialiS,
2972 2756 3149 2817 Cice-

661 2872 871 2915 ronem
913 2874 983 2915 ea
1026 2874 1203 2915 usum
1237 2855 1448 2923 fuisse,
1491 2855 1577 2915 sic
1619 2853 1871 2914 indicat:
1923 2898 1933 2903 -

1143 2968 1380 3027 dixerat
1425 2984 1460 3026 o
1498 2983 1725 3035 mores,
1768 2982 1805 3024 o
1847 2973 2143 3043 tempora,
2188 2963 2419 3024 Tullius
2462 2962 2606 3023 olim

1144 3063 1501 3143 sacrilegum
1545 3069 1810 3122 strueret
1851 3079 1989 3120 cum
2031 3059 2285 3121 Catilina
2327 3059 2513 3120 nefaS.

662 3189 773 3229 nec
795 3170 988 3230 defuit
1011 3181 1240 3240 tamen,
1265 3174 1366 3251 qui
1390 3174 1587 3232 locum
1610 3183 1817 3252 aptum
1838 3173 2019 3233 fuisse
2044 3160 2275 3233 diceret
2293 3172 2437 3231 hnic
2460 3170 2881 3231 exclamationi
2904 3169 2968 3228 in
2986 3168 3146 3229 Cati-

663 3267 786 3325 lina
809 3267 1220 3345 perterrendo.
1264 3266 1503 3327 Mosche
1527 3268 1590 3326 in
1616 3266 1896 3327 Seehodii
1920 3268 2162 3327 Miscell.
2186 3266 2228 3327 I.
2253 3286 2307 3346 p.
2330 3266 2467 3327 223.
2511 3300 2594 3311 --
2619 3264 2867 3325 Senatus
2889 3262 3035 3323 haec
3058 3264 3145 3323 in-

664 3360 894 3440 tenayo,
937 3361 1136 3423 consul
1167 3361 1329 3422 videt.
1415 3359 1637 3422 Verum
1674 3362 1925 3422 dixisset
1960 3363 2010 3422 si
2046 3363 2409 3441 scripsisset:
2454 3388 2479 3416 »
2498 3363 2707 3423 consul
2749 3378 2865 3419 non
2907 3357 3145 3426 videt,’'

661 3458 777 3515 nisi
823 3457 898 3516 ad
938 3456 1103 3518 hunc
1144 3459 1341 3518 locum
1377 3458 1604 3519 referre
1639 3458 1813 3518 malis
1843 3457 2232 3527 Quinctiliani
2269 3457 2452 3519 verba
2488 3456 2577 3537 (X.
2615 3459 2668 3516 1.
2706 3454 2755 3537 S
2787 3454 2914 3537 14):
2958 3470 3147 3513 »nam

664 3560 726 3610 et
767 3550 1056 3631 in-telli90,
1099 3563 1162 3613 et
1204 3552 1412 3622 scotie,
1454 3563 1518 3613 et
1559 3552 1717 3613 video
1759 3571 1937 3632 saepe
1986 3553 2148 3613 idem
2197 3552 2403 3612 valent
2446 3551 2607 3630 quod
2652 3551 2783 3611 scio,
2869 3549 3147 3619 Quorum

663 3646 838 3709 nobis
874 3648 1214 3712 ubertatem
1258 3670 1325 3711 ac
1366 3651 1608 3713 divitias
1651 3650 1821 3711 dabit
1862 3651 2069 3720 lecti0,
2112 3659 2181 3710 ut
2224 3668 2347 3709 non
2382 3650 2577 3709 solum
2612 3647 2914 3728 quomodo
2949 3663 3145 3706 occur-

663 3751 790 3805 rent
832 3743 890 3825 (l.
937 3747 1282 3831 occurrunt)
1323 3749 1430 3809 sed
1473 3749 1657 3809 etiam
1708 3748 2007 3827 quomodo
2060 3756 2326 3828 oportet,
2378 3756 2637 3807 utamur.
2721 3744 2855 3805 Non
2904 3760 3147 3821 semper

663 3841 826 3901 enim
861 3841 1011 3904 haec
1061 3847 1223 3906 inter
1265 3864 1328 3905 se
1372 3846 1534 3907 idem
1586 3844 1852 3906 faciunt''
1895 3854 2035 3905 cett.
2078 3878 2161 3889 -
2200 3845 2268 3924 fit
2302 3842 2523 3923 publici
2567 3842 2795 3903 consilii
2829 3842 3142 3922 particeps.

665 3934 992 3999 Consilium
1049 3942 1354 4020 publicum
1399 3952 1491 4001 est
1544 3942 1827 4009 SenatuS,
1879 3942 1983 4019 qui
2027 3940 2273 4000 dicitur:
2327 3962 2352 3991 n
2370 3938 2680 4017 publicum
2724 3938 2889 3998 orbis
2940 3949 3143 3999 terrae

664 4031 1016 4093 consilium’'
1053 4054 1086 4094 a
1122 4035 1407 4096 Cicerone
1444 4037 1519 4096 ad
1554 4036 1718 4097 Fam.
1756 4034 1853 4095 III.
1890 4037 1943 4095 8.
1975 4033 2024 4116 5
2059 4036 2121 4094 4:
2165 4052 2401 4111 »neque
2446 4052 2612 4093 eram
2648 4042 2772 4093 tam
2808 4034 3145 4114 desipiens,

665 4138 734 4189 ut
785 4129 1052 4208 privatae
1101 4132 1190 4191 rei
1234 4150 1410 4193 causa
1451 4134 1642 4213 legari
1684 4143 1985 4212 putarem,
2038 4132 2141 4210 qui
2184 4140 2247 4191 et
2291 4130 2404 4191 tibi
2446 4149 2570 4191 non
2614 4132 2881 4210 privato,
2924 4139 2990 4191 et
3034 4149 3143 4211 pro

664 4244 731 4283 re
774 4244 896 4285 non
940 4227 1172 4305 privata
1213 4246 1350 4297 sua,
1395 4229 1501 4288 sed
1543 4229 1808 4309 publica,
1858 4247 1981 4288 non
2023 4228 2088 4288 in
2130 4228 2396 4307 privato,
2441 4227 2548 4287 sed
2590 4228 2654 4287 in
2692 4226 2933 4307 publico
2976 4227 3143 4287 orbis

664 4322 947 4392 consilio,
988 4322 1050 4383 id
1079 4330 1162 4384 est
1201 4324 1266 4385 iri
1294 4331 1518 4394 senatu,
1560 4335 1630 4385 ut
1665 4325 1891 4405 gratias
1928 4335 2180 4404 agerent
2214 4322 2677 4391 mittebantur,”
2719 4323 2783 4382 in
2818 4340 2941 4399 quo
2976 4323 3141 4387 loco,

664 4414 821 4476 bona
870 4435 1007 4478 cum
1055 4422 1276 4500 gratia,
1331 4439 1492 4483 vocc.
1550 4423 1651 4484 »id
1706 4431 1801 4482 est
1842 4422 1905 4482 in
1956 4419 2219 4481 Senatu’'
2276 4418 2697 4499 interpolatori
2760 4417 3138 4478 restituenda

665 4521 823 4571 sunt.
896 4512 994 4574 Sic
1023 4526 1326 4586 senatum,
1361 4536 1700 4579 »summum
1736 4516 2051 4578 consilium
2088 4517 2251 4577 orbis
2283 4514 2519 4577 terrae”
2550 4513 2695 4582 diei,
2726 4511 2896 4593 (Phil.
2931 4510 3053 4572 VII.
3087 4511 3137 4569 7.

663 4608 712 4687 S
734 4610 830 4691 20)
861 4622 1067 4672 monet
1099 4611 1401 4673 Manutius
1441 4614 1516 4673 ad
1547 4616 1583 4674 l.
1615 4615 1652 4673 l.
1685 4632 1763 4673 ex
1797 4614 1970 4693 epist.
2048 4611 2292 4673 Consilii
2330 4610 2554 4690 publici
2590 4609 2943 4689 participem
2978 4607 3139 4672 fieri,

667 4721 797 4781 pro:
842 4707 904 4767 in
949 4718 1225 4771 senatum
1264 4711 1503 4781 venire,
1556 4711 1718 4790 quod
1758 4712 1940 4772 sciam
1981 4710 2139 4792 apud
2176 4709 2527 4772 Ciceronem
2577 4726 2699 4769 non
2737 4706 2989 4787 legitur3
3034 4702 3138 4765 scd
