3375 5500
2556 467 2756 509 XXXIX

278 671 499 718 meros
558 673 930 737 apposuero.
1022 653 1355 735 Proelium
1415 652 1592 719 enim
1629 650 1807 717 illud
1863 649 2278 717 commissum
2334 658 2433 720 est
2478 674 2536 718 a.
2578 677 2645 720 u.
2688 677 2744 721 c.

279 771 422 833 564
466 771 544 837 L.
583 771 884 856 Scipione
917 771 992 837 C.
1028 770 1256 840 Laelio
1299 793 1462 838 coss.
1503 776 1662 857 ¹⁹⁸),
1707 792 1936 838 censor
1967 771 2288 838 Aemilius
2330 777 2468 838 erat
2508 795 2565 837 a.
2595 795 2662 838 u.
2687 795 2744 840 c.

277 891 441 956 575.
529 889 781 956 Eodem
828 891 951 959 hoc
997 893 1208 977 capite
1257 891 1456 959 etiam
1502 898 1676 958 recte
1730 892 2002 976 legitur:
2064 918 2099 953 ιι
2118 893 2217 956 M.
2257 893 2577 959 Aemilius
2634 915 2744 978 pe-

273 1008 396 1074 tiit
443 1009 526 1074 ab
573 1011 818 1077 Senatu
834 1058 856 1088 ,
904 1016 983 1086 ut
1023 1011 1149 1076 sibi
1205 1009 1627 1078 dedicationis
1676 1011 2071 1098 templorum
2129 1011 2421 1096 Reginae
2471 1011 2747 1077 Iunonis

275 1134 352 1192 et
399 1111 692 1208 Dianae,
720 1151 886 1214 quae
927 1130 1100 1197 bello
1130 1131 1478 1215 Ligustino
1521 1137 1676 1213 ante
1710 1131 1897 1196 annis
1933 1135 2081 1200 ‚octo
2119 1131 2435 1212 vovisset,
2474 1131 2749 1217 pecunia

271 1249 368 1314 ad
411 1249 600 1317 ludos
645 1249 1158 1318 decerneretur.'’
1249 1250 1570 1317 Aemilius
1619 1252 1795 1319 enim
1830 1251 2059 1319 consul
2099 1250 2229 1318 fuit
2268 1274 2331 1321 a.
2375 1273 2440 1316 u.
2482 1273 2539 1316 c.
2594 1253 2744 1315 567.

271 1368 439 1435 Duo
486 1369 698 1438 adhuc
744 1376 990 1436 restant
1035 1370 1163 1438 loci
1203 1370 1502 1451 Liviani,
1547 1393 1782 1458 nempe
1819 1371 2154 1438 XXXIII.
2181 1374 2293 1440 44.
2336 1374 2372 1458 ᾗ
2404 1375 2477 1448 2,
2521 1371 2745 1436 XLII.

276 1491 391 1556 10.
446 1493 482 1574 ᾧ
522 1494 584 1555 5.
642 1490 715 1553 in
763 1489 997 1573 quibus
1041 1497 1315 1575 uterque
1369 1491 1687 1558 terminus
1747 1511 2020 1569 numero
2068 1513 2208 1558 non
2255 1491 2745 1578 comprehendi-

268 1613 396 1672 tur
405 1633 426 1687 3
484 1608 718 1692 quibus
780 1614 1002 1676 tamen
1049 1610 1460 1678 inaedificare
1510 1611 1695 1678 illam
1745 1611 2105 1677 doctrinam
2160 1610 2243 1678 de
2298 1611 2745 1676 Romanorum

269 1726 720 1795 inconstantia
780 1728 852 1794 in
924 1730 1212 1796 numeris
1282 1730 1721 1814 significandis
1738 1779 1760 1809 ,
1842 1731 1999 1799 satis
2079 1729 2515 1818 periculosum
2602 1752 2743 1796 esse

270 1846 554 1918 videtur.
645 1849 871 1917 Quum
918 1849 1077 1940 haec
1118 1871 1272 1918 vero
1309 1850 1632 1930 numeris,
1686 1873 1825 1916 non
1871 1849 2105 1933 litteris
2121 1896 2143 1927 ,
2191 1849 2624 1928 scriberentur
2669 1849 2742 1914 in

269 1967 643 2045 codicibus,
689 1967 998 2036 facillime
1045 1968 1188 2036 fieri
1241 1969 1492 2053 potuit,
1539 1977 1616 2034 ut
1660 1992 1797 2052 una
1844 1968 2089 2049 lineola
2127 1967 2459 2056 neglecta,
2506 1967 2745 2053 pusilla

275 2086 668 2164 omissione,
737 2087 890 2154 illae
953 2087 1282 2155 lacrimae·
1315 2095 1498 2156 ortae
1559 2089 1715 2171 sint.
1806 2089 1908 2156 Ex
1965 2088 2050 2159 iis
2064 2135 2086 2166 ,
2154 2110 2321 2174 quae
2376 2087 2737 2176 disputavi,

273 2214 542 2292 apparet
579 2206 772 2273 credo
790 2254 813 2285 ,
852 2208 1184 2272 Romanos
1227 2207 1299 2290 in
1334 2207 1737 2276 ordinalibus
1782 2213 2133 2294 utrumque
2147 2255 2169 2286 ,
2201 2207 2274 2272 in
2304 2206 2740 2274 cardinalibus

273 2325 777 2395 alterumutrum
823 2327 1176 2400 terminum
1192 2375 1214 2405 ,
1275 2349 1548 2394 numero
1609 2325 2153 2414 comprehendere
2220 2327 2447 2393 solitos
2501 2326 2703 2394 fuisse
2719 2375 2739 2404 ,

279 2444 413 2510 nisi
445 2429 864 2530 computandi
899 2466 1112 2512 errore
1140 2446 1328 2512 aliter
1361 2446 1607 2515 factum
1639 2447 1727 2531 sit
1738 2494 1761 2525 ,
1805 2447 1911 2512 vel
1952 2467 2031 2513 eo
2074 2445 2347 2526 consilio
2363 2495 2385 2525 ,
2422 2451 2500 2512 ut
2514 2495 2535 2524 ,
2562 2467 2741 2542 eom-

281 2563 619 2648 pendiaria
661 2564 947 2643 ratione,
1005 2587 1280 2632 numero
1329 2567 1432 2632 usi
1482 2565 1619 2633 sint
1632 2614 1654 2648 ,
1706 2572 1782 2634 ut
1816 2588 1936 2633 nos
1986 2566 2354 2655 loquimur,
2414 2565 2699 2646 rotundo
2715 2612 2735 2641 ,

281 2682 463 2770 quod
490 2707 547 2752 v.
578 2706 633 2751 c.
670 2685 898 2753 Cicero
933 2685 1089 2753 fecit
1111 2686 1186 2751 in
1202 2685 1568 2774 Philippica
1579 2685 1874 2755 secunda
1906 2684 2030 2775 ¹⁹⁹)
2052 2733 2074 2765 ,
2104 2707 2269 2773 quae
2296 2684 2519 2752 habita
2545 2685 2734 2771 fingi-

275 2812 390 2871 tur
430 2828 489 2874 a.
517 2806 584 2871 d.
611 2805 796 2874 XIII
823 2805 974 2872 Kal.
1025 2806 1168 2873 Oct.
1209 2828 1267 2871 a.
1313 2828 1378 2871 u.
1424 2828 1479 2871 c.
1512 2808 1674 2871 ⁷10:
1724 2834 1759 2867 ιι
1779 2812 1856 2873 ut
1903 2827 2097 2893 nemo
2136 2806 2239 2873 his
2276 2806 2511 2893 viginti
2549 2807 2735 2873 annis

275 2925 436 3011 reip.
499 2924 699 2993 fuerit
745 2923 998 2991 hostis”
1045 2931 1198 2991 cett.
1249 2946 1416 3011 quae
1459 2925 1602 3001 sine
1649 2925 1849 2991 dubio
1893 2930 2189 3010 spectant
2237 2948 2297 3015 a.
2360 2948 2427 2991 u.
2473 2947 2532 2991 c.
2578 2928 2731 2998 691.

391 3044 520 3112 Sed
598 3044 795 3111 redeo
875 3044 960 3109 ad
1031 3043 1392 3109 Asconium
1407 3092 1444 3127 ,‚
1513 3065 1708 3129 quem
1797 3043 1933 3108 dixi
2013 3044 2085 3107 in
2164 3043 2734 3117 commemorando

273 3164 390 3231 illo
463 3167 648 3242 Satn,
720 3186 981 3249 passum
1046 3185 1187 3231 esse
1251 3171 1328 3230 ut
1373 3164 1500 3230 sibi
1551 3165 2013 3251 imponeretur.
2106 3165 2344 3251 Neque
2397 3164 2524 3230 hoc
2583 3161 2734 3229 uni-

275 3305 422 3351 cum
497 3284 864 3370 exemplum
931 3288 1032 3351 est
1044 3331 1068 3363 ,
1123 3284 1299 3368 quod
1348 3286 1636 3374 *proferre
1689 3286 1933 3371 possim
1978 3284 2051 3354 in
2098 3286 2455 3355 hominem.
2489 3284 2728 3351 doctis-

273 3406 551 3485 simum,
625 3406 782 3472 licet
830 3403 1100 3499 Madvig
1169 3426 1318 3471 eum
1377 3406 1556 3475 omni
1611 3406 1803 3492 culpa
1856 3405 2129 3472 liberare
2184 3404 2461 3471 voluisse
2508 3403 2726 3469 videa-

272 3531 380 3593 tur
434 3530 560 3613 29⁰)
579 3574 602 3605 ,
666 3548 862 3612 quem
931 3525 1202 3596 minime
1277 3526 1612 3614 probabile
1692 3527 1779 3591 sit
1848 3525 1921 3591 in
1991 3526 2307 3594 Cicerone
2379 3524 2723 3609 deceptum

275 3669 412 3721 esse
461 3648 612 3737 ποι).
707 3648 806 3712 Ut
852 3646 1112 3713 mittam
1157 3652 1379 3711 tamen
1422 3646 1586 3724 alia,
1633 3645 1715 3711 de
1750 3645 1983 3730 quibus
2019 3644 2290 3741 Madvig
2336 3642 2721 3728 disputavit,

273 3767 592 3836 Asconius
635 3767 995 3835 orationem
1039 3764 1120 3831 de
1166 3765 1577 3850 haruspicum
1630 3785 1938 3849 responso
1970 3763 2094 3852 2⁰²)
2144 3762 2369 3829 laudat
2404 3768 2717 3849 tanquam

328 3998 410 4068 ¹⁹⁸)
445 4003 560 4053 Liv.
594 4002 886 4052 XXXVIII.
923 4006 1019 4061 29,
1055 4007 1139 4051 30.

327 4082 410 4150 ¹⁹⁹)
444 4085 550 4137 Cic.
584 4087 723 4137 Phil.
756 4088 830 4138 ΙΙ.
874 4091 916 4136 1.
951 4087 977 4151 §
1016 4092 1062 4136 1.

326 4165 412 4233 ²⁰⁰)
445 4172 680 4235 Madvig,
714 4171 778 4221 de
812 4172 1001 4222 Ascon.
1036 4187 1087 4236 p.
1125 4174 1190 4220 68
1227 4186 1333 4235 sqq.

327 4248 409 4317 201)
441 4257 573 4306 Ibid.
608 4270 657 4320 p.
698 4258 779 4305 76.

327 4334 410 4405 ²⁰²)
445 4340 597 4402 Quod
627 4339 850 4393 defendit
881 4338 1117 4402 Madvig,
1150 4337 1532 4403 discrepantiam
1559 4338 1941 4405 inscriptionum
1972 4338 2036 4388 de
2069 4337 2387 4404 haruspicum
2421 4346 2645 4398 responso
2676 4337 2727 4381 et

261 4423 518 4488 responsis,
553 4442 657 4477 non
701 4424 1056 4489 negligendam
1102 4423 1288 4473 videri:
1323 4421 1711 4473 declamatorem
1746 4436 1813 4472 ex
1845 4434 2110 4487 responso,
2156 4430 2394 4483 responsa
2426 4414 2597 4465 fecisse
2611 4452 2627 4475 ,
2668 4424 2727 4463 ut

259 4506 400 4567 Plura
431 4512 595 4564 dicere
629 4517 818 4577 posset,
854 4524 958 4563 non
991 4507 1263 4561 verisimile
1295 4508 1506 4563 videtur.
1577 4506 1705 4567 Quis
1738 4507 1875 4558 enim
1910 4505 1963 4555 iu
1999 4503 2226 4555 animum
2260 4502 2544 4567 induceret,
2580 4504 2634 4549 ut
2671 4498 2724 4547 in

260 4603 314 4638 re
340 4596 478 4656 parvi
501 4599 764 4658 momenti,
798 4611 954 4662 quum
983 4595 1204 4659 genuina
1234 4594 1395 4644 oratio
1423 4597 1664 4651 exstaret,
1695 4590 1871 4641 falsam
1898 4595 2223 4653 supponeret,
2253 4586 2336 4637 vel
2368 4584 2533 4649 potius
2561 4583 2721 4633 editae

259 4675 483 4741 adderet,
527 4680 594 4729 ad
624 4697 778 4747 quam
811 4680 1126 4731 conflandam
1157 4679 1338 4743 pannis
1373 4685 1422 4728 ct
1455 4676 1749 4729 centonibus
1787 4674 2035 4739 genuinae
2072 4672 2336 4730 orationis,
2383 4680 2511 4734 quae
2548 4668 2601 4718 in
2636 4667 2722 4716 ho-

261 4758 447 4813 minum
481 4765 712 4817 manibus
745 4773 901 4827 esset,
935 4765 1192 4817 uteretur?
