3375 5500
1830 404 1917 467 32

643 613 818 688 meis
870 611 1215 699 moribuS‚
1267 618 1337 686 et
1375 617 1610 686 tamen
1662 608 1907 684 faciam
1930 668 1949 697 ,
2000 618 2081 684 ut
2127 610 2473 708 intelligas
2493 667 2513 696 ‚
2565 608 2735 706 quid
2782 609 2855 684 hi
2896 610 2985 684 de
3038 617 3114 683 te

645 741 966 816 sentiant.
1065 739 1416 839 Egredere
1487 765 1574 813 ex
1638 736 1812 814 urbe
1832 796 1851 825 ,
1920 737 2258 826 Catilina3
2335 738 2551 812 libera
2605 736 3115 835 rempublicam

649 876 881 957 metu;
949 869 1024 942 in
1092 868 1410 944 exsilium
1427 927 1448 956 ,
1523 868 1585 944 si
1652 867 1831 943 hanc
1898 891 2133 941 vocem
2202 874 2557 967 exspectas
2574 925 2593 954 ‚
2657 865 3109 964 proficiscere.

647 995 844 1075 Quid
885 1002 1025 1084 est,
1065 995 1418 1072 Catilina?
1457 995 1713 1094 ecquid
1753 996 1850 1088 ⁵⁰)
1893 995 2381 1070 animadvertis
2420 995 2668 1068 horum
2710 993 3114 1082 silentium?

652 1125 1061 1214 Patiuntur,
1112 1132 1362 1201 tacent.
1469 1124 1665 1204 Quid
1709 1129 2065 1223 exspectas
2110 1123 2585 1199 auctoritatem
2627 1122 3067 1221 loquentium
3091 1181 3112 1210 ,

651 1278 950 1352 quorum
997 1253 1423 1328 voluntatem
1472 1252 1838 1334 tacitorum
1877 1251 2255 1350 perspicis?
2356 1255 2469 1326 21.
2521 1252 2621 1326 At
2660 1252 2718 1324 si
2757 1251 2886 1326 hoc
2921 1251 3116 1326 idem

650 1380 814 1456 huic
864 1381 1278 1456 adolescenti
1319 1381 1582 1481 optimo
1625 1381 1706 1455 P.
1754 1381 1977 1454 Sestio
1996 1439 2015 1468 ,
2072 1380 2129 1453 si
2174 1378 2545 1454 fortissimo
2588 1379 2732 1451 viro
2782 1379 2884 1453 M.
2917 1379 3114 1454 Mar-

651 1509 822 1583 cello
886 1509 1210 1584 dixissem
1233 1567 1253 1599 ‚
1324 1509 1466 1586 iam
1539 1507 1715 1584 mihi
1784 1509 2051 1584 consuli
2114 1509 2241 1584 hoc
2297 1507 2450 1607 ipso
2503 1507 2575 1580 in
2640 1508 2898 1608 templo
2961 1508 3117 1584 iure

651 1637 917 1734 optimo
969 1646 1250 1715 senatus
1299 1638 1397 1731 51)
1469 1636 1611 1712 vim
1660 1645 1732 1712 et
1782 1661 2030 1712 manus
2094 1635 2460 1714 intulisset.
2558 1636 2669 1710 De
2716 1643 2787 1710 te
2836 1643 3077 1714 autem
3096 1696 3117 1725 ,

654 1763 954 1840 Catilina
973 1825 992 1855 ‚
1042 1789 1264 1865 quum
1312 1767 1679 1866 quiescunt
1699 1825 1718 1854 ‚
1768 1766 2105 1866 probant,
2158 1791 2377 1865 quum
2423 1764 2785 1864 patiuntur
2805 1823 2826 1853 ‚
2877 1765 3116 1840 decer-

653 1900 875 1981 nunt,
926 1921 1146 1994 quum
1193 1903 1460 1984 tacent,
1511 1896 1852 1984 clamant;
1902 1919 2129 1996 neque
2194 1895 2267 1970 hi
2318 1895 2580 1982 solum,
2632 1920 2929 1994 quorum
2982 1897 3121 1970 tibi

651 2020 1022 2094 auctoritas
1094 2029 1198 2095 est
1273 2022 1589 2096 videlicet
1661 2047 1817 2098 cara
1836 2081 1856 2111 ,
1928 2024 2069 2097 vita
2134 2022 2494 2110 vilissima,
2567 2023 2689 2096 sed
2750 2024 2959 2098 etiam
3009 2026 3118 2099 illi

656 2146 923 2243 equites
991 2149 1330 2238 Romani,
1399 2149 1876 2224 honestissimi¹
1932 2158 2141 2250 atque
2210 2151 2456 2252 optimi
2528 2151 2688 2240 viri,
2764 2152 3117 2251 ceterique

742 2302 803 2373 ⁵⁰)
839 2308 1017 2376 ecquid
1050 2312 1290 2376 attendis,
1327 2313 1507 2380 ecquid
1539 2311 1897 2377 animadvertis
2032 2310 2097 2380 ⁵¹)
2129 2319 2331 2366 senatus
2363 2313 2475 2366 iure
2505 2314 2713 2378 optimo-

646 2615 766 2675 que
815 2617 962 2662 non·
994 2603 1220 2665 sinunt.
1289 2637 1371 2652 --
1427 2603 1588 2668 Haec
1638 2607 1688 2666 is
1746 2607 1919 2676 dicit,
1970 2609 2073 2687 qui
2130 2609 2385 2670 inertiae
2443 2618 2623 2687 atque
2678 2609 2987 2686 nequitiae
3058 2631 3125 2672 se

644 2693 772 2774 ipsc
825 2697 1181 2771 daxnnahat,
1235 2701 1400 2782 quod
1449 2703 1722 2765 nondum
1772 2702 2091 2768 Catilinam
2126 2703 2387 2769 interfici
2422 2703 2720 2771 iussisset!
2802 2738 2882 2748 -—
2926 2712 3129 2769 tamen

641 2789 888 2866 faciam,
928 2801 993 2857 ut
1033 2796 1354 2876 intelliqas,
1395 2798 1533 2877 quid
1567 2798 1632 2859 ln·
1671 2799 1743 2859 de
1790 2805 1844 2861 te
1886 2800 2150 2863 sentiam.
2233 2798 2483 2864 Mirifice
2525 2800 2779 2865 artificio
2824 2812 3127 2884 oratorio,

641 2903 862 2967 nempe
917 2890 1159 2955 silentio
1214 2901 1486 2973 patrum,
1540 2903 1859 2974 postquam
1921 2894 2237 2965 Catilinam
2293 2914 2367 2956 ex
2419 2896 2570 2961 urbe
2620 2899 2786 2961 exire
2842 2902 3130 2981 iusserit,

641 2980 1010 3047 declamator
1051 2988 1491 3053 demonstrabit
1531 2990 1624 3059 id,
1657 2991 1823 3069 quod
1858 2991 1977 3055 iam
2014 2992 2173 3053 sacto
2216 3011 2283 3055 re
2318 2992 2477 3072 ipsa,
2517 2994 2713 3057 multo
2751 2999 3131 3067 luculentius

640 3096 676 3137 a
712 3083 1094 3145 senatoribus
1128 3084 1356 3147 sactum
1390 3104 1522 3150 esse
1557 3097 1843 3151 narratur
1874 3086 1924 3169 S
1959 3090 2067 3159 16,
2112 3089 2216 3151 ubi
2252 3090 2399 3151 dicit
2436 3088 2727 3153 Catilinae
2763 3098 3095 3177 contigisse
3112 3146 3130 3169 ,

639 3174 808 3251 quod
850 3178 1110 3247 nemini,
1161 3190 1299 3259 post
1345 3180 1652 3247 hominem
1695 3185 2077 3249 memoriam:
2130 3186 2826 3268 subselliorumpartem
2866 3194 2973 3255 ubi
3016 3196 3128 3258 ille

639 3269 880 3335 adsedit
921 3273 1164 3335 inanem
1199 3284 1382 3355 atque
1417 3278 1642 3341 nudam
1687 3298 1818 3341 esse
1862 3282 2134 3345 relictam
2176 3291 2317 3343 cett.
2399 3316 2481 3331 --
2514 3282 2641 3347 iure
2674 3288 2893 3366 optimo.
2952 3290 3127 3353 Solet

641 3361 851 3427 Cicero
913 3367 1063 3431 haec
1119 3370 1408 3433 vocabula
1472 3372 1592 3437 alio
1647 3391 1831 3437 sensu
1887 3394 2195 3455 usurpare.
2278 3411 2360 3422 --
2392 3377 2509 3438 vim
2548 3386 2601 3439 et
2633 3399 2855 3445 manus.
2939 3384 3129 3450 Aliud

641 3464 984 3543 exemplum
1027 3466 1289 3529 duorum
1339 3467 1771 3533 vocabulorum
1820 3470 1899 3533 de
1947 3490 2067 3533 una
2110 3474 2443 3552 eademque
2484 3494 2579 3545 re,
2620 3476 2725 3539 ubi
2768 3499 2957 3542 unum
3000 3485 3127 3545 suf-

642 3551 879 3626 ficerem
921 3559 1059 3621 vide
1103 3562 1180 3624 ad
1222 3581 1346 3642 cap.
1391 3564 1447 3625 1.
1517 3564 1706 3628 Totus
1740 3566 1841 3629 hic
1882 3568 2051 3630 loeus
2094 3570 2181 3631 ita
2222 3569 2517 3633 conflatus
2560 3583 2653 3633 est
2699 3586 2768 3636 ut
2810 3597 2843 3636 a
2880 3577 3129 3641 Valerio

643 3648 904 3717 Maximo
955 3675 1096 3720 eum
1144 3659 1485 3739 profectum
1537 3681 1670 3725 esse
1724 3674 1985 3743 putares.
2083 3699 2165 3713 -—
2219 3673 2406 3728 tacent
2453 3668 2720 3731 clamant.
2783 3670 3016 3737 Insulsa
3060 3684 3127 3736 et

640 3748 897 3817 ridicula
960 3756 1260 3835 oppositio
1281 3804 1304 3839 ‚U
1361 3778 1544 3838 quam
1605 3761 1833 3823 frustra
1895 3763 2263 3833 defendunt,
2328 3766 2431 3844 qui
2493 3785 2837 3847 comparare
2906 3768 3127 3832 iubent

642 3842 948 3915 Ciceronis
1025 3850 1154 3915 Div.
1211 3854 1277 3914 in
1321 3853 1487 3917 Gaec.
1525 3858 1580 3917 6.
1637 3856 1686 3939 S
1722 3852 1832 3919 21:
1889 3860 2055 3923 »Cur
2097 3862 2323 3930 nolint,
2381 3863 2615 3925 etiamsi
2660 3874 2925 3934 taceant,
2976 3868 3125 3927 satis

645 3936 872 4005 dicunt.
917 3940 1144 4010 Verum
1184 3966 1308 4011 non
1350 3952 1589 4013 tacent”
1624 3963 1765 4015 cett.
1848 3990 1930 4001 ——
1970 3957 2283 4017 auctoritas
2318 3964 2399 4019 est
2431 3958 2687 4035 videlicet
2720 3977 2876 4021 cara.
2928 3960 3122 4043 Oppo-

643 4034 926 4101 sinonem
961 4041 1428 4115 adiectivorum‚
1471 4048 1608 4109 vilis
1642 4058 1706 4111 et
1742 4069 1917 4114 carus
1953 4061 2162 4113 noster
2183 4052 2364 4115 debet
2394 4051 2667 4117 Ciceroni
2703 4075 2756 4134 p.
2786 4054 3003 4117 Flacco
3023 4058 3123 4121 41.

642 4128 691 4211 S
727 4132 875 4195 1032
918 4137 1194 4201 »etiamsi
1235 4138 1432 4205 honor
1473 4153 1682 4207 noster
1724 4146 1897 4209 vohis
1938 4148 2113 4209 vilior
2148 4149 2384 4219 fuisset,
2426 4152 2685 4213 'salutem
2719 4162 2885 4214 certe
2920 4172 3125 4216 earam

642 4226 896 4333 fuisse?
932 4235 1095 4313 quod
1129 4234 1530 4310 adjectivum,
1571 4260 1789 4305 vereor
1816 4254 1886 4307 ut
1921 4247 2269 4307 auctoritati
2304 4249 2638 4310 conveniat.
2720 4282 2801 4299 -—·-
2822 4249 2921 4309 sed
2948 4248 3125 4309 etiam

645 4322 743 4387 uui
784 4327 993 4405 equites
1026 4328 1287 4395 Romani.
1371 4333 1624 4418 Equites
1665 4338 1918 4403 Romani
1955 4343 2144 4421 igitur
2180 4345 2434 4407 tacendo
2476 4346 2659 4407 etiam
2710 4344 3123 4425 approbabant

646 4417 964 4489 Catilinam
985 4427 1216 4493 iussum
1239 4449 1369 4493 esse
1391 4434 1456 4495 in
1477 4436 1757 4499 exsilium
1766 4439 1878 4499 ire.
1903 4438 2187 4502 Collocati
2208 4442 2299 4504 illi
2320 4451 2493 4504 erant
2514 4462 2547 4503 a
2572 4442 2855 4503 Cicerone
2878 4440 2942 4501 in
2964 4440 3121 4500 clivo

555 4578 570 4589 ,
645 4512 1008 4624 Capitolino,
1052 4522 1189 4603 (Cic.
1227 4529 1304 4591 ad
1339 4529 1462 4593 Att.
1506 4532 1575 4593 ΙΙ.
1620 4535 1672 4595 1.
1717 4535 1767 4616 §
1804 4535 1879 4617 7.)
1921 4555 2042 4613 quo
2071 4538 2219 4598 Joco
2260 4539 2471 4599 audire
2508 4548 2571 4599 et
2592 4538 2935 4616 intelligere
2972 4534 3120 4615 quid

643 4609 858 4716 Cicero
901 4616 1134 4683 diceret
1178 4623 1242 4685 in
1297 4637 1512 4690 senatu
1563 4649 1686 4692 non
1729 4641 2043 4711 poterant,
2098 4652 2286 4714 quum
2328 4636 2621 4714 templum
2662 4633 2829 4695 Iovis,
2862 4630 3120 4693 Statoris

641 4720 709 4771 m
755 4720 963 4777 monte
1009 4712 1282 4801 Palatino
1323 4734 1511 4794 esset3
1566 4726 1803 4806 lapsum
1853 4736 2055 4790 autem
2106 4749 2255 4792 ease⁴
2288 4728 2613 4811 rhetorem,
2645 4730 2758 4792 hae
2800 4729 2865 4791 in
2901 4746 2969 4789 re
3022 4726 3119 4789 vel

3360 2876 3363 3022 Ι

3358 3170 3360 3316 l

3356 3468 3358 3610 ἰ
