3375 5500
829 1096 1552 1184 INVEOTIVA
1631 1095 2343 1186 CATILINAE

1559 1479 1615 1521 ΙΝ

1091 1801 2085 1916 CICERONEM.

870 2715 1339 2783 RESPONSIVA
1381 2719 1791 2783 CATILINAE
1834 2719 1913 2783 IN
1956 2719 2312 2786 TULLIUM.

466 3370 540 3443 Si
590 3369 933 3443 subtiliter
983 3396 1024 3442 a
1087 3370 1696 3443 circumstantibus
1770 3395 1949 3467 quae
2004 3370 2093 3443 sit
2139 3371 2514 3467 praesentis
2566 3375 2812 3447 actoris

363 3512 818 3588 controversia
883 3512 1271 3611 requiratur
1289 3574 1308 3602 ,
1380 3514 1767 3589 invenietur
1821 3539 2120 3613 apprope
2195 3514 2633 3590 intuentibus
2694 3518 2809 3592 ille

364 3657 543 3731 inter
613 3682 738 3731 nos
805 3658 927 3755 qui
983 3658 1206 3757 vulpis
1271 3658 1403 3731 fuit
1424 3717 1442 3746 ,
1515 3683 1676 3733 cum
1744 3684 1923 3757 agno
1984 3684 2211 3733 eoram
2278 3659 2473 3732 leone
2536 3661 2807 3735 conflic-

361 3808 500 3875 tus,
559 3802 741 3875 Cum
779 3800 902 3909 illo
949 3825 1250 3901 namque
1299 3802 1471 3875 mihi
1508 3810 1615 3876 res
1658 3802 1919 3901 agitur,
1968 3802 2090 3899 qui
2133 3801 2353 3899 magis
2394 3801 2467 3874 in
2514 3802 2767 3876 dolosis
2784 3864 2804 3891 ,

361 3943 816 4018 fraudulentis
832 4003 852 4032 ‚
915 3946 1342 4045 versutisque
1389 3948 1598 4021 rebus
1656 3972 1870 4045 quam
1922 3946 1993 4019 in
2055 3945 2407 4019 communi
2462 3946 2807 4044 aequitate

363 4085 664 4161 confidit.
739 4088 920 4164 Cum
973 4090 1088 4164 illo
1126 4091 1298 4165 mihi
1346 4116 1452 4165 res
1503 4091 1767 4190 agitur,
1815 4089 1937 4189 qui
1978 4114 2217 4163 omnes
2268 4088 2567 4163 rationes
2615 4115 2801 4187 spes·

366 4253 502 4327 que
538 4256 698 4305 suas
738 4231 812 4305 in
855 4231 1284 4330 eloquentiae
1323 4258 1489 4309 suae
1531 4242 1829 4309 torrente
1872 4232 2179 4307 coniecit.
2258 4232 2440 4305 Cum
2479 4231 2595 4303 illo
2614 4289 2633 4318 ‚
2683 4233 2806 4329 qui

363 4371 553 4447 aliud
619 4374 822 4449 corde
872 4377 1302 4452 dissimulare
1317 4438 1337 4468 ,
1389 4377 1581 4453 aliud
1624 4404 1741 4453 ore
1785 4377 2105 4452 simulare
2158 4374 2521 4449 consuerit.
2624 4374 2809 4446 Cum

363 4514 515 4604 illo,
557 4519 681 4616 qui
716 4521 918 4597 corde
961 4520 1289 4609 subdolo,
1329 4546 1444 4595 ore
1472 4520 1807 4620 trilingui,
1848 4520 2046 4594 vultu
2076 4517 2372 4617 hispido,
2401 4515 2618 4592 barba
2654 4541 2805 4589 eoe-

364 4680 532 4737 nosa
547 4718 566 4749 ‚
614 4662 886 4740 incessu
932 4665 1155 4766 gravi,
1191 4664 1509 4741 familiari
1549 4666 1901 4742 mendacio
1950 4662 2342 4765 proposuit,
2388 4659 2690 4736 instituit
2736 4667 2806 4731 et
