3375 5500
667 438 816 482 XLVI

664 633 954 709 tempore
1023 621 1149 688 sibi
1217 573 1513 704 op'posita
1579 616 1861 695 videret,
1924 623 2143 685 tamen
2192 619 2287 685 ita
2339 619 2537 698 dixit,
2595 625 2671 690 ut
2730 620 3143 688 adversarios

657 747 1002 828 frangeret.
1077 740 1210 807 Hic
1255 740 1434 806 enim
1489 745 1708 804 orator
1763 738 1891 804 dici
1945 744 2159 823 potest
2204 739 2355 824 qui,
2400 739 2790 806 defendente
2836 741 3145 814 Horten-

659 867 756 937 sio
770 912 793 944 ,
837 863 1168 931 iudicante
1211 862 1492 937 Senatu,
1537 861 1813 925 Verrem
1856 857 2244 924 condemnet
2257 907 2280 936 ,
2322 860 2435 944 qui
2475 859 2799 927 Catilinae
2836 861 3143 930 furorem

656 984 1041 1071 comprimat
1056 1029 1077 1060 ,
1149 980 1516 1047 Antonium
1569 962 1827 1046 hostem
1885 978 2165 1057 iudicet,
2214 980 2327 1064 qui
2379 981 2693 1066 Pompeio
2748 981 3141 1050 adversante

666 1109 752 1196 (a.
797 1127 864 1172 u.
910 1128 965 1172 c.
1020 1107 1058 1170 7
1061 1101 1174 1191 02)
1199 1149 1220 1180 ,
1286 1123 1490 1186 quum
1557 1101 1614 1166 is
1676 1099 1899 1166 omnia
1958 1099 2095 1166 fere
2164 1105 2383 1186 posset
2449 1101 2521 1166 in
2584 1102 2879 1180 civitate,
2943 1125 3099 1170 eam
3117 1153 3139 1181 ,

657 1249 853 1312 quam
907 1244 1082 1290 nunc
1132 1222 1406 1307 legimus
1426 1269 1448 1300 ,
1493 1221 1857 1289 orationem
1900 1240 2018 1305 pro
2076 1220 2332 1288 Milone
2379 1221 2697 1290 habuerit.
2790 1223 2903 1288 Sic
2948 1222 3139 1289 enim

639 1343 909 1414 ‘auctori
954 1342 1195 1426 dialogi
1241 1341 1322 1407 de
1368 1340 1751 1408 Oratoribus
1802 1339 2137 1407 videbatur
2150 1388 2173 1418 ,
2215 1341 2597 1408 Ciceronem
2615 1388 2636 1420 ‚
2680 1363 2877 1427 quam
2918 1341 3140 1408 edidit

645 1465 1018 1536 orationem
1034 1510 1056 1541 ,
1097 1461 1294 1528 etiam
1335 1460 1636 1526 habuisse
1647 1484 1668 1540 ς
1712 1459 1889 1546 quod
1915 1482 2099 1530 aecus
2128 1482 2265 1528 esse
2292 1483 2486 1547 supra
2507 1461 2940 1528 indicavimus
2972 1468 2999 1508 ²
3013 1473 3040 1514 3
3054 1475 3071 1513 ¹
3087 1467 3137 1548 ).

657 1585 758 1650 Ex
811 1584 952 1663 -hoc
1005 1583 1151 1648 loco
1207 1603 1342 1648 non
1399 1587 1664 1667 apparet
1734 1587 2069 1650 auctorem
2125 1547 2430 1665 unquam¹⁵
2481 1581 2689 1668 ipsam
2761 1581 3137 1650 orationem

659 1704 932 1783 vidisse5
988 1701 1290 1770 nominat
1348 1707 1630 1787 quatuor
1679 1722 1907 1769 causas
1964 1701 2072 1768 vel
2126 1700 2455 1770 orationes
2469 1747 2491 1780 ,
2532 1724 2691 1787 quas
2736 1701 2969 1768 Cicero
3015 1701 3138 1768 ha-

660 1825 806 1892 buit
819 1873 839 1903 ,
901 1837 1196 1908 quaeque
1243 1823 1315 1888 in
1373 1821 1664 1889 omnium
1716 1842 1828 1888 ore
1876 1826 2096 1900 erant3
2142 1820 2225 1888 de
2270 1821 2429 1907 ipsis
2474 1820 2877 1890 orationibus
2890 1867 2913 1898 ,
2960 1841 3137 1906 quae

665 1946 839 2011 inter
864 1963 1004 2008 sese
1029 1941 1310 2009 conferri
1336 1963 1470 2008 non
1504 1946 1779 2025 possunt
1790 1986 1811 2017 ,
1839 1961 1925 2006 ne
1952 1940 2219 2006 verbum
2248 1940 2515 2024 quidem
2540 1941 2664 2008 hoc
2681 1939 2837 2008 loco
2864 1941 3133 2026 legitur.

747 2063 968 2132 'Pauca
1022 2059 1296 2130 dicenda
1339 2065 1494 2126 sunt
1541 2059 1622 2126 de
1671 2058 1778 2124 die
1793 2104 1815 2135 ,
1860 2079 1990 2143 quo
2038 2058 2267 2126 Cicero
2315 2061 2693 2128 orationem
2721 2062 2794 2134 in
2839 2063 3097 2128 Senatu
3115 2109 3135 2139 ‚

659 2183 732 2248 in
795 2186 1200 2268 praesentem
1257 2179 1612 2250 Catilinam
1671 2176 1976 2244 habuerit
1990 2226 2013 2256 ,
2076 2201 2205 2262 qua
2228 2177 2443 2246 ..de-re
2494 2198 2629 2248 non
2674 2187 2975 2248 constare
3027 2181 3130 2247 in-

661 2312 762 2372 ter
789 2302 960 2370 viros
1002 2301 1226 2368 doctos
1240 2347 1263 2378 ,
1300 2305 1534 2366 notum
1559 2305 1695 2377 est,
1737 2321 1939 2384 quum
1980 2298 2095 2364 alii
2132 2305 2429 2388 statuant
2454 2304 2611 2386 2³²),
2644 2303 2957 2368 Senatum
2988 2323 3135 2368 ease

663 2423 960 2489 habitum
1001 2443 1060 2486 a.
1097 2419 1160 2484 d.
1213 2420 1356 2486 VII
1411 2419 1514 2484 Id.
1569 2421 1744 2486 Nov.
1798 2419 1887 2504 (d.
1936 2421 1995 2484 7.
2038 2441 2124 2484 m.
2171 2420 2412 2504 Now),
2458 2419 2571 2486 alii
2616 2427 2743 2508 233)
2794 2445 2850 2490 a.
2908 2422 2973 2486 d.
3022 2423 3135 2488 VI

663 2541 766 2608 Id.
838 2542 1026 2608 Nov.·
1083 2539 1170 2629 (d.
1227 2543 1288 2606 8.
1336 2561 1422 2608 m.
1498 2539 1723 2628 Now).
1816 2540 2037 2607 Quam
2110 2541 2557 2624 quaestionem
2619 2541 2919 2609 dirimere
2986 2565 3129 2612 non

663 2661 741 2728 ad
749 2683 829 2728 eo
871 2659 1132 2731 difficile
1168 2659 1443 2726 videtur.
1547 2659 1812 2728 Scilicet
1853 2659 2085 2726 Cicero
2129 2660 2287 2726 dicit
2329 2661 2699 2726 coniuratos
2741 2663 3131 2728 convenisse

661 2783 746 2847 ad
803 2783 904 2845 M.
970 2782 1250 2847 Laecam
1313 2786 1506 2847 nocte
1567 2802 1676 2858 ea,
1737 2802 1903 2865 quae
1975 2787 2322 2847 consecuta
2376 2786 2475 2847 est
2543 2785 2874 2865 posterum
2942 2779 3131 2847 diem

661 2904 892 2969 Nonas
939 2901 1340 2969 Novembres
1387 2904 1556 2987 2Μ),
1607 2900 1677 2989 (i.
1726 2922 1781 2967 e.
1830 2922 1907 2967 ea
1948 2907 2177 2978 nocte,
2216 2922 2383 2985 quae
2428 2908 2527 2967 eat
2567 2900 2742 2966 inter
2785 2898 2849 2965 d.
2896 2902 2942 2965 6
2978 2908 3051 2967 et
3086 2906 3123 2967 7

661 3023 910 3107 Nov.);
969 3030 1114 3089 tum
1171 3022 1496 3089 Catilinae
1543 3020 1721 3087 diem
1774 3020 2055 3089 exeundi
2108 3041 2247 3087 ease
2298 3020 2729 3085 constitutum
2740 3044 2761 3098 3
2818 3020 3127 3105 cupiebat

659 3142 837 3209 enim
903 3142 988 3207 ad
1053 3144 1408 3209 exercitum
1475 3141 1793 3226 proficisci
1807 3189 1830 3219 ,
1890 3141 1961 3207 si-
2008 3140 2185 3226 prius
2250 3140 2479 3206 Cicero
2528 3160 2865 3225 oppressus
2920 3146 3089 3207 esset
3103 3187 3124 3218 ,

661 3262 838 3349 quod
883 3260 956 3325 in
1001 3283 1071 3327 ae
1120 3264 1502 3345 receperunt
1541 3260 1616 3322 C.
1667 3258 2009 3327 Cornelius
2052 3266 2121 3325 et
2164 3261 2243 3324 L.
2290 3258 2728 3343 Vargunteius
2788 3266 2848 3307 2³
2861 3262 2915 3344 5<)
2938 3306 2961 3336 ,
3010 3258 3123 3341 qui

657 3384 866 3469 prima
925 3382 1072 3447 luce
1125 3380 1458 3447 consulem
1513 3377 1871 3445 salutatum
1913 3376 2293 3456 veniebant,
2347 3377 2571 3467 (igitur
2623 3398 2877 3443 summo
2928 3398 3123 3443 mane

663 3503 728 3567 d.
760 3505 822 3568 7.
849 3502 1050 3585 Nov.)
1074 3546 1096 3577 ,
1137 3500 1253 3566 sed
1299 3520 1434 3564 non
1476 3496 1870 3575 introducti,
1916 3497 2225 3581 quoniam
2267 3497 2493 3563 Cicero
2511 3546 2531 3576 ,
2580 3496 2747 3582 quid.
2784 3498 2857 3562 in
2898 3497 3123 3563 animo

659 3621 976 3689 haberent
988 3668 1008 3699 ,
1069 3640 1150 3685 ex
1207 3618 1439 3685 Fulvia
1505 3622 1895 3701 cognoverat
1908 3662 1931 3695 ,
1991 3637 2064 3682 re
2118 3616 2359 3683 infecta
2428 3616 2729 3683 abierunt
2790 3616 2941 3705 2³⁶).
3039 3618 3125 3681 In

657 3740 1082 3817 haecomnia
1129 3738 1334 3807 amice
1377 3738 1753 3823 conspirant
1786 3742 2082 3805 auctores
2126 3759 2389 3817 omnes,·-
2434 3737 2517 3803 de
2566 3737 2725 3816 die‚·
2750 3760 2883 3822 quo
2920 3740 3125 3805 Sena-

657 3868 766 3927 tus
794 3859 1055 3927 habitus
1107 3866 1204 3927 est
1218 3908 1240 3939 ‚
1283 3880 1478 3926 nemo
1509 3856 1837 3925 dubitaret
1851 3905 1873 3936 ,
1910 3858 2040 3925 nisi
2078 3857 2334 3925 obstare
2372 3856 2699 3921 videretur
2739 3863 3123 3940 personatus

715 4146 802 4219 ²³¹)
839 4152 974 4203 Vide
1009 4166 1159 4215 supra
1192 4166 1240 4216 p.
1277 4150 1430 4203 XVI.

715 4233 804 4302 252)
839 4236 928 4289 Sic
959 4236 1280 4287 statuendum
1311 4248 1422 4287 esse
1453 4235 1584 4286 inter
1613 4234 1745 4285 alios
1776 4234 2044 4287 arbitratus
2076 4244 2154 4287 est
2182 4236 2358 4290 Madv.
2394 4253 2475 4303 op.
2512 4238 2673 4289 Acad.
2710 4238 2755 4286 Ι.
2790 4250 2840 4300 p.
2876 4239 2971 4285 195
3004 4250 3079 4299 sq.

711 4318 798 4389 353)
834 4323 970 4373 Vide
1020 4321 1214 4373 Ferrat.
1260 4320 1354 4385 Ep.
1403 4334 1453 4385 p.
1490 4320 1589 4369 307
1619 4332 1730 4385 sqq.
1779 4318 1955 4371 Halm.
1995 4318 2198 4385 Proleg.
2246 4321 2313 4373 ad
2356 4320 2509 4375 Catil.
2554 4322 2609 4371 in
2652 4322 2731 4372 ed.
2778 4321 2917 4387 Lips.
2966 4318 3125 4373 Orate.

643 4406 848 4459 Selectt.
883 4422 933 4472 p.
961 4412 1054 4456 412.
1084 4406 1202 4457 adn.
1240 4409 1322 4455 55.

713 4488 800 4557 ²54)
836 4490 942 4543 Cic.
977 4506 1028 4556 p.
1063 4490 1237 4555 Sylla,
1279 4494 1358 4540 18.
1394 4489 1421 4555 ᾗ
1457 4493 1542 4538 52.
2520 4542 2542 4547 ,-

713 4572 800 4644 ²³⁵)
836 4576 1128 4629 Secundum
1161 4574 1287 4627 Sall.
1323 4572 1434 4627 Cat.
1472 4578 1556 4635 27,
1587 4578 1652 4624 28
1667 4612 1682 4635 ,
1718 4574 1809 4640 qui
1852 4580 2121 4641 utrumque
2172 4575 2399 4626 nominat
2410 4596 2425 4634 ;
2460 4588 2528 4625 ex
2560 4572 2666 4625 Cic.
2702 4582 2825 4629 orat.
2862 4560 2965 4643 pro
2986 4571 3128 4639 Sylla

651 4663 802 4779 183³?
834 4665 917 4712 52.
953 4666 1146 4713 certum
1179 4666 1256 4711 est
1287 4658 1346 4715 Ο.
1381 4659 1674 4717 Cornelium
1708 4660 1841 4713 hanc
1874 4661 2183 4727 provinciam
2218 4662 2315 4714 sibi
2345 4658 2703 4727 depoposcisse.

784 4744 802 4812 )
836 4744 974 4796 Plut.
1009 4744 1114 4799 Cic.
1159 4748 1238 4796 16.
