3375 5500
615 459 734 504 vm

711 643 965 712 Quodsi
992 643 1117 710 hoc
1143 641 1214 708 in
1233 641 1468 708 Galeni
1495 641 1762 729 scriptis'
1782 640 1928 706 vivo
1962 639 2214 706 Galeno
2236 641 2526 708 accidere
2552 645 2767 729 potuit
2782 693 2803 723 ,
2831 657 3081 731 >quanto

625 767 876 832 facilius
926 772 992 831 et
1025 765 1278 850 saepius
1310 764 1379 829 id
1419 765 1665 829 factum
1708 783 1846 829 esse
1880 766 2238 827 statuemus
2275 762 2346 826 in
2387 763 2700 831 Cicerone
2734 773 3081 853 postquam

627 911 663 952 e
691 888 824 954 vita
861 887 1260 963 excessisset,
1302 885 1679 971 praesertim
1708 905 1859 949 cum
1891 882 2101 948 multo
2131 884 2347 969 plures
2382 892 2597 951 essent
2612 933 2633 964 ,
2680 888 2792 970 qui
2821 888 3082 955 Cicero-

626 1029 778 1073 nem
834 1028 1026 1092 quam
1066 1006 1179 1090 qui
1227 1005 1552 1070 Galenum
1597 1003 1839 1068 imitari
1890 1002 2226 1068 studerent
2270 1010 2337 1070 et
2388 1025 2607 1072 revera
2650 1006 3081 1074 imitarentur.

625 1129 862 1210 Neque
916 1127 988 1190 in
1051 1147 1128 1190 ea
1175 1146 1247 1191 re
1295 1123 1497 1210 ipsius
1549 1123 1751 1189 Tullii
1795 1123 2241 1188 testimonium
2296 1124 2483 1190 nobis
2539 1124 2759 1192 deesse
2805 1128 3083 1195 videtur.

629 1249 850 1313 Quum
882 1245 1057 1311 enim
1095 1243 1304 1309 oratio
1333 1242 1650 1328 quaedam
1680 1242 2013 1308 Ciceronis
2038 1241 2109 1304 in
2135 1242 2363 1326 vulgus
2393 1245 2848 1327 emanavisset,
2888 1272 3083 1335 quam

631 1369 884 1444 iratior,
912 1373 990 1433 ut
1017 1364 1304 1444 videtur,
1340 1363 1596 1449 scripsit
1626 1363 1698 1427 in
1726 1362 2059 1427 hominem
2091 1368 2250 1429 tunc
2282 1366 2591 1450 temporis
2628 1369 2710 1451 (a.
2742 1389 2808 1432 u.
2837 1389 2893 1432 c.
2922 1370 3079 1452 696)

632 1493 999 1575 potentem,
1037 1506 1270 1569 nempe
1301 1483 1646 1550 MeteUum
1673 1484 2005 1568 Nepotem
2031 1504 2161 1548 cos.
2192 1482 2323 1549 des.
2341 1531 2363 1561 ,
2385 1484 2643 1563 Attico,
2679 1488 2792 1570 qui
2827 1509 2977 1553 eum
3005 1487 3089 1553 de

639 1631 714 1676 ea
745 1630 818 1674 re
856 1606 1216 1672 certiorem·
1235 1605 1503 1682 fecerat,
1541 1603 1876 1669 mandavit
1916 1610 1993 1669 ut
2028 1603 2087 1670 ei
2125 1577 2377 1670 'vulneri
2412 1605 2469 1670 si
2511 1606 2669 1690 quid
2707 1613 2923 1690 posset
2950 1628 3088 1671 me-

639 1729 898 1795 deretur
912 1777 933 1806 ,
976 1727 1136 1792 haec
1169 1724 1445 1792 addens:
1499 1751 1533 1785 n
1549 1723 1664 1790 sed
1700 1724 1854 1809 quia
1890 1742 2249 1808 numquam
2284 1725 2518 1790 accidit
2551 1731 2626 1790 ut
2658 1744 2808 1790 cum
2845 1747 2922 1790 eo
2950 1746 3089 1789 uno

635 1850 829 1914 verbo
871 1853 1308 1914 concertarem
1323 1893 1345 1923 ,
1379 1851 1446 1910 et
1475 1844 1629 1929 quia
1661 1845 1899 1928 scripta
1942 1841 2105 1908 mihi
2144 1843 2398 1909 videtur
2423 1845 2852 1929 negligentius
2889 1866 3091 1929 quam

633 1973 919 2043 ceterae,
963 1971 1124 2050 puto
1158 1962 1416 2049 probari
1440 1985 1627 2049 posse
1666 1985 1803 2028 non
1846 1984 1984 2028 esse
2014 1964 2271 2028 meam''
2303 1967 2416 2050 ³⁵).
2480 1965 2663 2030 Haec
2693 1964 2919 2030 Cicero
2954 1985 3093 2030 non

635 2085 1020 2171 scripsisset,
1050 2081 1181 2148 nisi
1219 2105 1296 2149 eo
1340 2087 1630 2168 tempore
1671 2082 1927 2166 saepius
1974 2080 2299 2147 orationes
2334 2084 2701 2169 suppositae
2745 2086 3088 2151 ferrentur.

636 2206 851 2272 Facile
910 2212 1055 2271 erat
1099 2203 1322 2270 multis
1375 2204 1572 2270 etiam
1629 2202 2001 2289 bibliopolis
2057 2203 2415 2288 imponere,
2472 2227 2633 2289 quos
2686 2226 2911 2271 omnes
2958 2225 3093 2269 non

636 2347 828 2410 supra
869 2326 1098 2409 vulgus
1129 2324 1471 2389 hominum
1501 2325 1791 2411 sapuisse
1838 2321 2023 2390 testis
2071 2329 2168 2389 est
2198 2325 2525 2390 Lucianus
2578 2329 2668 2412 ³⁰)
2688 2373 2707 2403 ,
2756 2325 2868 2408 qui
2900 2323 3090 2392 libel-

637 2447 776 2510 lum
829 2443 1313 2511 acerbissimum
1369 2445 1623 2530 scripsit
1665 2442 1969 2509 adversus
2023 2443 2290 2510 divitem
2332 2445 2677 2529 quemdam
2718 2445 2983 2529 iugenio
3028 2452 3094 2512 et

637 2565 932 2631 doctrina
967 2563 1350 2631 destitutum
1363 2613 1383 2642 ,
1417 2565 1530 2649 qui
1559 2553 1881 2648 egregiam
1910 2563 2035 2629 sibi
2073 2562 2533 2631 bibliothecam
2564 2573 2888 2632 coemerat
2921 2566 3094 2634 inter

643 2686 772 2751 alia
831 2684 938 2751 xx)
993 2685 1099 2751 τὸν
1133 2685 1411 2767 Ὅμηρον
1467 2683 1721 2767 ἐπρίατο
1784 2681 2132 2765 oromatum,
2194 2685 2299 2751 cui
2354 2692 2497 2752 tum
2552 2686 2682 2751 alia
2738 2692 2880 2751 tum
2904 2704 2908 2708 ·
2931 2687 3093 2752 haee

641 2805 906 2870 obiecit:
926 2806 982 2869 si
999 2805 1315 2871 librorum
1334 2806 1655 2892 possessio
1687 2804 2025 2871 dominum
2058 2806 2383 2871 eruditum
2412 2806 2736 2886 redderet,
2768 2807 3094 2891 quantivis

641 2924 835 3011 pretii
859 2925 975 2990 illa
995 2926 1312 3011 possessio
1333 2932 1504 2991 esset
1539 2932 1608 2991 et
1633 2948 1860 2993 eorum
1884 2926 2135 3005 solum,
2165 2927 2277 3011 qui
2304 2934 2459 2993 sunt
2489 2928 2753 3005 divites,
2782 2927 2837 2991 si
2866 2948 3101 3010 nempe

643 3046 822 3111 velut
864 3044 946 3110 de
984 3044 1126 3110 foro
1173 3045 1399 3113 liceret
1436 3068 1649 3113 emere
1692 3053 1759 3112 et
1800 3070 1920 3113 nos
1966 3069 2277 3133 pauperes
2324 3068 2641 3132 superare.
2734 3048 2901 3112 Quis
2950 3069 3101 3113 vero

645 3163 1098 3241 contenderet,
1141 3165 1264 3241 ait,
1305 3186 1454 3230 cum
1490 3168 1955 3233 mercatoribus
1990 3189 2065 3233 ac
2103 3167 2475 3254 bibliopolis
2504 3167 2583 3234 de
2614 3168 2979 3235 eruditione
3004 3176 3109 3235 tot

642 3283 842 3348 libros
881 3282 1269 3348 habentibus
1305 3290 1371 3348 et
1405 3283 1853 3349 vendentibus.
1898 3286 2020 3363 At,
2056 3288 2112 3351 si
2146 3288 2426 3353 volueris
2463 3288 2823 3373 periculum
2865 3289 3107 3368 facere,

643 3402 889 3468 videbis
931 3424 1146 3487 neque
1185 3423 1294 3468 eos
1337 3402 1620 3468 multum
1665 3425 1860 3487 quam
1900 3410 1975 3470 tu
2020 3427 2179 3471 esse·
2205 3405 2571 3473 eruditione
2610 3409 3109 3493 praestantiores

649 3521 764 3587 sed
819 3543 1115 3588 sermone
1172 3521 1513 3601 barbaros,
1575 3524 1746 3589 sicut
1795 3530 1904 3603 te,
1964 3532 2031 3590 et
2064 3524 2393 3603 ἀξυνέτους
2445 3538 2522 3611 τῇ
2568 3530 2827 3609 γνώσει,
2887 3530 3112 3615 quales

649 3664 786 3709 esse
822 3648 1078 3729 oportet
1121 3642 1234 3727 qui
1270 3643 1437 3708 nihil
1475 3642 1764 3730 turpium
1789 3644 1891 3710 vel
1917 3645 2340 3711 honestorum
2375 3649 2790 3734 perspiciunt.
2884 3650 2954 3714 Si
2988 3649 3110 3735 igi-

650 3770 758 3830 tur
791 3764 982 3829 facile
1017 3764 1253 3829 talibus
1285 3763 1654 3854 bibliopolis
1685 3765 2159 3852 imponebatur,
2198 3767 2297 3831 illi
2324 3768 2577 3833 facilius
2601 3770 2799 3835 etiam
2816 3770 3112 3857 decipere

653 3888 956 3965 poterant
991 3892 1344 3969 emptorem
1386 3885 1644 3971 qualem
1689 3887 1797 3951 hic
1847 3886 2139 3972 depingit
2181 3888 2542 3967 Lucianus,
2595 3894 2708 3975 qui
2756 3890 3111 3957 multorum

655 3999 969 4067 librorum
1023 4008 1428 4067 coemtorum
1469 4026 1553 4068 ne
1595 4005 1825 4069 titulos
1875 4004 2136 4087 quidem
2182 4007 2495 4072 memoria
2530 4008 2813 4076 tenebat.
2908 4014 3114 4096 Saepe

660 4118 814 4183 inde
865 4118 1061 4184 fiebat
1106 4126 1182 4185 ut
1228 4112 1454 4186 libros⁴
1481 4143 1710 4207 parum
1754 4124 2128 4191 emendatos
2179 4132 2245 4191 et
2291 4126 2461 4193 vitiis
2517 4128 2891 4215 inquinatos
2939 4152 3111 4196 eme-

657 4246 839 4317 rent,
883 4240 953 4303 in
994 4240 1280 4306 emtione
1325 4247 1568 4307 temere
1609 4243 2027 4311 laudantibus
2068 4245 2399 4313 eredentes
2412 4297 2433 4327 ,
2480 4250 2592 4335 qui
2644 4251 2867 4335 quovis
2917 4249 3117 4315 modo

658 4360 738 4425 iis
781 4360 1201 4446 imponebant
1249 4360 1380 4451 ³⁷),-
1425 4363 1516 4428 sic
1573 4365 1769 4430 etiam
1818 4366 2069 4432 Gellius
2114 4367 2421 4453 scriptum
2468 4371 2732 4456 reliquit
2782 4371 2861 4437 de
2899 4393 3112 4456 gram.-

721 4558 784 4627 35)
821 4562 924 4614 cic.
962 4568 1025 4617 ad
1060 4569 1170 4622 Aa.
1206 4574 1310 4626 111.
1356 4582 1432 4628 12.
1468 4578 1494 4644 5
1530 4586 1580 4631 2·

623 4684 628 4689 .
726 4644 790 4709 ³⁶)
823 4649 954 4702 Luc.
985 4655 1116 4721 πρὸς
1149 4656 1343 4710 εἷπαιδ.
1386 4663 1478 4715 καὶ
1519 4664 1695 4717 πολλὰ
1722 4666 1931 4732 βιβλία
1964 4663 2259 4732 ὠνούμενον
2296 4667 2320 4733 5
2358 4672 2406 4717 4·

730 4728 792 4800 ³⁷)
826 4734 950 4787 Luc.
987 4738 1098 4791 libr.
1137 4741 1171 4792 1.
1207 4743 1232 4809 ς
1273 4750 1317 4799 l,
