3375 5500
613 449 726 494 xvl

615 638 830 703 culam
894 655 1011 719 pro
1060 631 1373 698 Deiotaro
1388 679 1410 708 ,
1475 651 1666 716 quam
1716 630 2084 715 requirebas
2104 681 2126 710 ,
2183 629 2501 698 habebam
2556 650 2806 699 mecum
2821 679 2842 710 ,
2908 627 3085 717 quod

615 777 752 822 non
819 758 1136 839 putaram.
1232 753 1468 836 Itaque
1528 772 1672 816 eam
1735 750 1857 816 tibi
1904 751 2082 829 misi,
2140 775 2335 837 quam
2389 754 2585 819 velim
2638 753 2731 818 sic
2784 754 2957 838 leges
3006 758 3087 816 ut

616 895 878 940 causam
943 879 1209 939 tenuem
1275 877 1340 937 et
1405 871 1686 956 inopem.
1784 870 1916 936 Sed
1985 893 2103 955 ego
2171 873 2413 958 hospiti
2484 875 2685 939 veteri
2757 870 2824 940 et
2872 873 3081 939 amieo

616 994 1076 1060 munusculum
1123 992 1383 1058 mittere
1434 991 1609 1056 volui
1649 989 1976 1057 levidense
2031 1012 2242 1057 crasso
2302 993 2414 1057 filo
2467 993 2832 1059 cuiusmodi
2876 992 3079 1078 ipsius

617 1115 833 1182 solent
859 1135 1000 1188 esse
1017 1135 1289 1181 munera
1305 1111 1469 1200 ⁸⁴).''
1511 1111 1676 1179 Quis
1709 1117 1930 1178 autem
1957 1112 2213 1191 credat,
2240 1118 2315 1177 ut
2340 1136 2547 1178 unum
2577 1113 2944 1198 exemplum
2968 1133 3085 1196 ap-

617 1255 891 1321 ponam,
919 1233 1300 1299 Ciceronem
1342 1233 1578 1297 dixisse
1619 1237 1959 1317 praesente
1988 1229 2291 1298 Caesare:
2333 1259 2367 1293 ιι
2383 1234 2551 1300 hanc
2586 1233 2762 1304 enim
2804 1234 2879 1300 C.
2918 1233 3083 1298 Cae-

617 1375 722 1420 sar
769 1375 1029 1420 causam
1075 1354 1132 1418 si
1167 1354 1240 1418 in
1283 1351 1426 1418 foro
1469 1352 1748 1417 dicerem
1794 1349 2025 1418 eodem
2064 1351 2369 1417 audiente
2397 1358 2464 1418 et
2488 1360 2826 1438 praesente
2862 1359 2965 1430 te,
2989 1391 3085 1404 —

619 1480 976 1562 spectarem
1077 1473 1350 1551 curiam,
1427 1472 1716 1537 intuerer
1786 1471 2000 1538 forum
2016 1518 2037 1549 ,
2120 1469 2375 1537 coelum
2461 1470 2741 1556 denique
2810 1478 3087 1538 testarer

618 1596 832 1680 ipsum
873 1594 965 1683 ⁸⁵)
985 1594 1052 1672 ,'’
1105 1592 1232 1658 vel:
1313 1617 1349 1652 ιι
1369 1590 1547 1676 quod
1600 1596 1855 1655 tantam
1918 1611 2177 1656 causam
2201 1638 2221 1669 ,
2285 1597 2529 1675 quanta
2571 1593 2755 1658 nulla
2792 1614 3089 1678 unquam

619 1717 691 1780 in
733 1715 1202 1802 disceptatione
1231 1717 1482 1778 versata
1523 1717 1653 1790 est,
1704 1711 1850 1776 dico
1873 1710 2039 1797 ⁸⁰).’'
2066 1749 2158 1760 —-
2204 1710 2312 1776 Sic
2362 1711 2559 1778 etiam
2595 1712 2841 1791 oratio,
2884 1734 3093 1796 quam

618 1857 796 1900 nunc
835 1856 955 1920 pro
998 1835 1255 1900 Milone
1305 1832 1580 1918 legimus
1594 1881 1616 1910 ,
1652 1832 2008 1918 plurimum
2056 1829 2272 1897 differt
2316 1831 2398 1896 ab
2442 1853 2521 1898 ea
2534 1880 2556 1911 ,
2602 1854 2801 1916 quam
2850 1831 3089 1896 Cicero

622 1953 787 2018 dixit
797 1977 817 2031 ς
851 1973 1033 2030 nam,
1065 1974 1216 2018 cum
1245 1952 1471 2017 Cicero
1507 1951 1822 2036 inciperet
1852 1949 2065 2015 dicere
2078 1997 2101 2028 ,
2140 1957 2443 2036 exceptus
2480 1957 2580 2017 est
2618 1950 3089 2016 acclamatione

621 2071 1129 2149 Clodianorum,
1179 2092 1308 2156 quo
1332 2070 1579 2136 factum
1623 2075 1753 2148 est,
1800 2075 1880 2134 ut
1921 2091 2058 2134 non
2100 2091 2217 2147 ea,
2259 2093 2389 2155 qua
2432 2070 2663 2137 solitus
2711 2077 2888 2148 erat,
2926 2092 3085 2137 con-

623 2192 866 2260 stantia
921 2191 1157 2258 dixerit
1214 2193 1342 2276 ⁸⁷):
1390 2189 1544 2256 inde
1597 2188 1768 2254 Milo
1823 2187 1905 2254 de
1952 2194 2175 2254 nostra
2230 2190 2525 2257 oratione
2543 2239 2564 2270 ,
2620 2213 2815 2276 quam
2858 2197 3089 2277 postea

622 2312 842 2379 animo
904 2311 1178 2379 collecto
1252 2331 1365 2397 per
1441 2309 1650 2376 otium
1720 2307 2024 2394 scriptam
2090 2309 2412 2375 exsulanti
2475 2311 2841 2376 Massiliam
2908 2311 3087 2376 misit

623 2433 850 2499 Cicero
868 2480 891 2510 ,
943 2433 1152 2498 fertur
1208 2430 1447 2496 oratori
1492 2429 1893 2515 rescripsisse
1908 2476 1929 2507 ,
1976 2429 2142 2495 bene
2188 2429 2316 2496 sibi
2352 2431 2674 2509 evenisse,
2724 2429 2903 2516 quod
2939 2455 3084 2499 eam

623 2551 697 2615 in
753 2549 996 2616 iudicio
1057 2572 1193 2616 non
1256 2550 1740 2635 pronuntiasset
1756 2595 1778 2626 ‚
1842 2571 2201 2634 numquam
2260 2550 2435 2616 enim
2478 2550 2775 2618 futurum
2836 2551 3042 2618 fuisse
3061 2601 3084 2630 ‚

623 2673 679 2737 si
749 2672 874 2738 hoc
943 2671 1141 2738 modo
1209 2693 1327 2758 pro
1397 2692 1467 2738 se
1542 2670 1791 2736 dictum
1856 2676 2063 2748 esset,
2142 2675 2359 2737 tantos
2416 2679 2493 2738 ut
2556 2671 2791 2738 mullos
2862 2671 3085 2737 ederet

626 2794 962 2860 Massiliae
991 2799 1108 2880 8⁸).

715 2914 930 2979 Anxie
959 2913 1275 2979 autemid
1301 2914 1610 2999 agebant,
1645 2919 1725 2978 ut
1762 2913 2001 3006 scripta
2030 2935 2225 2997 quam
2261 2914 2401 2980 fieri
2436 2918 2655 2999 posset
2679 2909 3089 2976 limatissime

524 3091 538 3101 .
625 3035 699 3098 in
768 3034 1100 3119 publicum
1163 3034 1532 3119 prodirent:
1591 3056 1721 3119 qua
1778 3034 1851 3097 in
1900 3055 1970 3099 re
2025 3033 2407 3100 Ciceronem
2462 3032 2810 3097 maximam
2868 3050 3093 3095 curam

625 3154 918 3240 posuisse
950 3154 1054 3219 vel
1095 3153 1249 3218 inde
1287 3160 1588 3239 apparet,
1631 3153 1811 3238 quod
1838 3152 2199 3219 orationem
2241 3150 2563 3237 quandam
2582 3200 2603 3228 ‚
2650 3171 2847 3235 quam
2890 3149 3094 3235 scrip-

630 3273 789 3337 sisse
835 3294 904 3337 se
953 3272 1351 3359 poeniteret,
1407 3294 1446 3335 a
1483 3293 1553 3337 se
1593 3270 1962 3337 abiudicare
2003 3279 2273 3338 conatus
2322 3272 2440 3349 sit,
2482 3272 2609 3336 hoc
2662 3269 2857 3334 unico
2903 3292 3095 3353 argu-

628 3398 853 3458 mento
871 3440 892 3471 ,
963 3391 1140 3476 quod
1194 3389 1622 3475 negligentius
1674 3412 1873 3474 quam
1925 3395 2177 3456 ceterae
2221 3391 2459 3475 scripta
2507 3398 2677 3456 esset
2716 3394 2831 3475 ⁸⁹).
2922 3389 3094 3453 Inde

629 3513 876 3577 factum
949 3516 1047 3576 est
1101 3517 1177 3577 ut
1233 3509 1486 3596 saepius
1551 3510 1829 3576 invicem
1902 3531 2096 3596 opera
2166 3532 2285 3574 sua
2330 3508 2628 3575 miserint
2678 3508 3093 3592 corrigenda:

636 3630 1130 3705 alaudationem
1187 3630 1457 3696 Porciae
1514 3629 1636 3696 tibi
1698 3630 1848 3695 misi
1914 3636 2298 3696 correctam:
2358 3650 2435 3695 eo
2490 3629 2860 3715 properavi,
2914 3634 2993 3692 ut
3040 3628 3097 3694 si

631 3751 799 3818 forte
832 3756 946 3816 aut
980 3750 1274 3817 Domitio
1322 3750 1458 3816 filio
1502 3757 1617 3816 aut
1656 3752 1865 3817 Bruto
1890 3751 2259 3818 mitteretur
2275 3800 2295 3829 ‚
2342 3751 2501 3817 haec
2534 3751 2903 3817 mitteretur
2934 3747 3099 3833 ⁹⁰).”

635 3870 743 3934 Sic
805 3871 1032 3935 Cicero
1095 3878 1411 3937 memorat
1467 3871 1828 3937 orationem
1895 3894 1933 3934 a
2004 3872 2211 3936 Bruto
2279 3870 2568 3935 habitam
2636 3870 2703 3933 in
2776 3868 3092 3934 concione

695 4237 772 4310 ³3⁴¹)⁸
793 4238 871 4291 cf.
907 4239 1142 4299 Moscho,
1177 4238 1414 4290 Seebodii
1449 4238 1606 4289 Arch.
1643 4240 1687 4289 I.
1725 4254 1774 4303 p.
1813 4243 1912 4289 218
1949 4254 2055 4305 sqq.

696 4322 760 4392 ⁸⁵)
795 4323 898 4377 Cic.
935 4339 985 4388 p.
1020 4323 1186 4375 Deiot.
1225 4328 1272 4373 2.
1308 4323 1335 4388 §
1370 4326 1419 4372 6.

696 4406 761 4477 ⁸⁶)
795 4410 926 4461 Ibid.
968 4414 1018 4459 2.
1052 4408 1079 4476 §
1113 4413 1162 4459 5.

696 4494 760 4563 ⁸⁷)
797 4495 999 4556 Ascon,
1035 4509 1084 4558 p.
1123 4499 1207 4545 42.
1242 4492 1419 4546 Orelli.

693 4580 759 4648 ⁸⁸)
793 4580 893 4632 Dio
925 4579 1066 4631 Cass.
1101 4579 1207 4629 XL.
1245 4583 1328 4629 54.

699 4662 764 4731 ⁸⁹)
798 4663 901 4716 Cic.
937 4665 1004 4715 ad
1037 4662 1150 4714 Aa.
1183 4663 1286 4713 111.
1328 4666 1407 4712 12.
1443 4661 1470 4726 §
1506 4668 1553 4711 2.

699 4746 764 4817 ⁹⁰)
799 4748 907 4804 cic.
943 4748 1010 4801 aa
1042 4747 1154 4799 Att.
1191 4746 1320 4795 xm.
1359 4751 1442 4796 48.
1478 4746 1504 4811 ς
1543 4752 1591 4795 2.
