3375 5500
669 487 750 528 XL

681 667 1011 738 Ciceronis
1025 693 1045 746 ,-
1111 665 1228 733 sed
1286 669 1616 751 praeterea
1664 663 1821 730 vitia
1875 660 2231 738 commisit,
2282 682 2447 744 quae
2494 661 2717 728 nescio
2772 665 3173 747 quomodo,

677 791 842 858 alios
891 789 1104 856 adhuc
1149 785 1371 870 fugere
1416 784 1776 850 videantur.

766 911 944 976 Nam
958 956 980 987 ,
1025 927 1230 992 quum
1269 908 1526 971 constet
1571 904 1650 967 L.
1694 902 2006 987 Torquati
2052 901 2261 966 filium
2306 921 2633 967 accusasse
2676 908 2749 968 et
2800 901 3168 972 damnasse

675 1031 752 1095 P.
825 1028 1102 1114 Syllam,
1173 1023 1414 1090 diserto
1469 1022 1801 1090 Ciceronis
1864 1021 2241 1089 testimonio
2298 1024 2421 1107 ²⁰³)
2441 1068 2461 1099 ,
2524 1020 2865 1089 Asconius
2930 1030 3165 1092 tamen

675 1149 935 1227 scribit,
963 1146 1066 1213 ‘ad
1116 1142 1573 1210 cornelianam
1619 1145 1780 1227 ²⁰4):
1841 1167 1876 1202 n
1896 1143 1972 1205 P.
2024 1141 2271 1227 Syllam
2319 1146 2387 1206 et
2429 1142 2507 1203 L.
2556 1140 2984 1208 Autronium
3032 1144 3163 1228 sig·-

676 1269 929 1346 nificat,
999 1283 1277 1351 quorum
1339 1263 1617 1329 alterum
1675 1264 1754 1325 L.
1804 1263 2000 1327 Cotta
2014 1307 2035 1339 ,
2091 1261 2369 1326 alterum
2418 1261 2498 1324 L.
2552 1261 2945 1345 Torquatus
2962 1311 2985 1341 ,
3045 1264 3159 1349 qui

673 1411 823 1456 cum
879 1387 1042 1454 haec
1101 1384 1329 1450 Cicero
1379 1381 1636 1448 dicebat
1678 1381 1976 1448 consules
2024 1385 2209 1447 erant
2220 1427 2241 1459 ,
2298 1379 2578 1446 ambitus
2626 1379 3045 1449 damnarant
3092 1390 3160 1450 et

674 1509 745 1572 in
814 1525 1038 1572 eorum
1097 1503 1314 1568 locum
1375 1502 1576 1567 creati
1623 1485 1877 1567 erant?
1966 1500 2051 1564 In
2096 1501 2505 1567 accusatione
2553 1500 2683 1566 alia
2727 1500 2819 1568 de
2868 1501 3151 1570 crimine

675 1626 957 1692 ambitus
1015 1643 1258 1691 errasse
1308 1621 1703 1700 Asconium,
1765 1642 1968 1706 quum
2030 1619 2114 1686 de
2176 1620 2262 1686 Q.
2312 1619 2489 1684 Galli
2536 1639 2731 1686 causa
2786 1621 3151 1701 scriberet,

673 1752 869 1814 antea
915 1744 1430 1812 demonstratum
1477 1742 1626 1811 dedi
1670 1745 1822 1829 ²⁰⁵).
1907 1742 2069 1808 Non
2118 1746 2217 1808 est
2260 1739 2460 1826 igitur
2511 1740 2687 1825 quod
2750 1741 3146 1810 dubitemus

666 1864 937 1930 humani
991 1862 1240 1948 aliquid
1301 1862 1610 1929 accidisse
1663 1862 1951 1928 Asconio
1968 1909 1991 1939 ,
2046 1861 2163 1944 qui
2172 1908 2195 1939 ‚
2254 1861 2527 1927 fortasse
2581 1861 2789 1928 fretus
2840 1863 3143 1948 epistolis

663 1982 994 2048 Ciceronis
1065 1981 1150 2045 ad
1218 1981 1514 2047 Atticum
1577 1987 1735 2046 tunc
1788 1979 2099 2065 temporis
2162 1967 2293 2047 iam
2340 1979 2531 2047 editis
2572 1977 2698 2069 ²⁰⁸)
2715 2028 2737 2058 ‚
2790 1981 3141 2067 egregium

666 2105 1120 2186 argumentum
1164 2099 1290 2165 hoc
1337 2100 1484 2165 loco
1529 2098 1795 2186 praebet
1831 2098 2196 2165 sententiae
2242 2097 2615 2168 Marklandi
2631 2147 2653 2178 ,
2700 2121 2859 2166 eum
2914 2101 3139 2168 minus

666 2222 738 2286 in
781 2220 1022 2288 criticis
1065 2219 1296 2286 studiis
1338 2219 1540 2287 fiiisse
1580 2223 1905 2286 versatum
1954 2217 2108 2307 ²⁰⁷).

752 2340 952 2406 Quod
1012 2340 1092 2404 ad
1157 2339 1678 2406 Quinctilianum
1742 2338 1981 2405 attinet
1994 2386 2015 2417 ,
2081 2338 2194 2423 qui
2262 2337 2515 2423 saepius
2572 2338 2800 2408 laudat
2846 2342 3135 2427 primam

661 2460 1021 2527 orationem
1075 2462 1200 2545 ²⁰⁸)
1222 2507 1243 2536 ,
1314 2457 1394 2525 de
1453 2458 1590 2525 eius
1654 2459 2041 2526 auctoritate
2110 2459 2181 2522 ni
2245 2458 2439 2524 fallor
2453 2506 2476 2537 ‚
2526 2457 2781 2527 facilius
2856 2462 2987 2527 hac
3056 2460 3131 2524 in

658 2600 729 2646 re
786 2578 1060 2646 iudicari
1117 2578 1392 2663 poterit,
1461 2601 1661 2663 quum
1724 2600 1929 2644 unum
1952 2561 1959 2567 ⁰
1980 2579 2387 2662 alterumque
2447 2579 2665 2643 locum
2714 2601 3092 2665 apposuero
3107 2627 3129 2657 ,

659 2699 776 2767 ubi
825 2698 907 2767 de
947 2697 1201 2786 scriptis
1243 2704 1468 2785 aperte
1510 2698 1688 2764 falsis
1707 2747 1729 2778 ,
1783 2703 2096 2784 tanquam
2148 2684 2445 2785 genuinis
2464 2744 2485 2777 ,
2530 2698 2785 2763 locutus
2834 2705 2964 2765 est.

747 2819 1017 2886 Asconii
1079 2818 1456 2887 testimonio
1517 2820 1815 2887 novimus
1831 2865 1852 2897 ,
1927 2841 2093 2904 quae
2158 2818 2529 2885 ferebantur
2580 2817 2655 2882 C.
2711 2817 3000 2885 Antonii
3056 2826 3127 2887 et

656 2938 980 3006 Catilinae
1040 2940 1366 3007 orationes
1381 2988 1403 3019 ,
1476 2940 1713 3027 quibus
1768 2939 2278 3027 respondebatur
2336 2937 2665 3004 Ciceronis
2710 2938 3004 3005 orationi
3052 2940 3123 3004 in

656 3067 811 3145 toga
855 3059 1132 3127 candida
1177 3059 1438 3127 habitae
1453 3108 1476 3140 ,
1532 3061 1925 3148 conscriptas
1990 3081 2127 3126 esse
2183 3080 2222 3123 a
2272 3058 2601 3124 Ciceronis
2662 3057 3120 3126 obtrectatori-

660 3179 780 3247 bus
833 3185 957 3267 ²⁰⁹)
977 3228 1000 3259 ‚
1057 3203 1223 3267 quae
1269 3181 1594 3247 orationes
1646 3180 1967 3247 eiusmodi
2021 3185 2235 3257 erant,
2295 3182 2371 3244 ut
2420 3177 2735 3243 Asconius
2785 3178 3121 3266 scripserit

653 3320 725 3365 se
782 3300 1031 3367 nescire
1086 3322 1173 3365 an
1224 3300 1426 3365 satius
1488 3307 1657 3365 esset
1700 3321 1807 3365 eas
1856 3301 2171 3384 ignorare.
2264 3299 2574 3367 Attamen
2623 3298 3115 3366 Quinctilianus

654 3439 731 3483 ex
773 3417 1049 3485 Antonii
1098 3418 1391 3484 oratione
1436 3418 1611 3484 hunc
1652 3418 1871 3484 locum
1913 3430 2032 3503 pro
2080 3418 2363 3503 genuino
2410 3418 2656 3503 profert
2700 3421 2830 3503 ²¹⁰)
2852 3444 2871 3483 ε
2941 3417 3114 3483 nSed

653 3556 868 3619 neque
913 3541 1352 3607 accusatorem
1399 3560 1548 3605 enm
1597 3545 1822 3607 metuo
1839 3588 1860 3617 ,
1911 3540 2025 3624 qui
2074 3562 2221 3605 sum
2274 3539 2618 3615 innocens,
2674 3560 2890 3623 neque
2938 3560 3114 3607 com-

650 3654 994 3740 petitorem
1053 3678 1309 3737 vereor,
1384 3657 1498 3743 q'ui
1564 3680 1709 3725 sum
1769 3659 2128 3739 Antonius,
2189 3679 2403 3744 neque
2480 3656 2813 3724 consulem
2890 3680 3111 3747 spero,

714 3912 801 3981 203)
835 3916 940 3969 Cic.
975 3920 1040 3971 de
1071 3920 1188 3972 Fin.
1225 3921 1300 3971 11.
1343 3926 1420 3971 19.
1455 3921 1484 3987 6
1515 3925 1597 3973 62.
1669 3922 1831 3975 Plura
1863 3925 1925 3975 de
1958 3924 2055 3975 hoc
2087 3907 2271 3974 iudicio
2304 3921 2477 3988 scripsi
2522 3922 2574 3971 in
2610 3921 2963 3991 Disputatione
3007 3939 3120 3977 mea

645 4001 707 4051 de
739 4000 930 4052 ambitu
964 4010 1014 4055 et
1046 4006 1111 4057 de
1145 4006 1416 4067 sodaliciis,
1451 4022 1502 4071 p.
1543 4012 1642 4059 104
1671 4022 1781 4075 sqq.

714 4080 801 4149 2⁰⁴)
835 4084 956 4137 Asc.
991 4086 1117 4139 Ped.
1151 4104 1201 4153 p.
1241 4091 1320 4141 74.
1355 4089 1514 4141 Orell.

713 4164 800 4233 2⁰5)
835 4168 901 4220 In
927 4171 1109 4237 disput.
1145 4174 1281 4225 land.
1317 4190 1366 4241 p.
1411 4180 1507 4227 100
1541 4191 1649 4243 sqq.

713 4252 800 4321 2⁰⁶)
832 4256 1028 4323 Nepos,
1063 4257 1174 4309 Att.
1216 4262 1296 4310 16.

715 4336 805 4403 ²⁰7)
839 4341 904 4390 In
932 4341 1087 4406 praef.
1115 4344 1182 4394 ad
1215 4343 1314 4396 1v.
1345 4343 1506 4398 Oratt.
1537 4345 1697 4399 Cicer.
1734 4363 1783 4413 p.
1819 4362 1932 4398 Lxx
1960 4362 2067 4413 sqq.
2102 4346 2257 4399 Wolf.
2292 4346 2355 4397 cf.
2384 4346 2555 4397 Madv.
2586 4362 2666 4411 op.
2703 4348 2738 4398 1.
2774 4364 2821 4413 p.
2864 4351 2941 4399 72.

719 4421 806 4489 ²⁰⁸)
839 4424 1044 4487 Quinct.
1079 4428 1177 4480 lv.
1219 4434 1263 4479 1.
1300 4428 1437 4495 666.
1473 4430 1574 4483 1x.
1613 4437 1663 4482 2.
1700 4433 1727 4497 6
1758 4436 1802 4483 7.
1842 4436 1923 4483 26.
1962 4434 2009 4482 7.
2045 4430 2144 4481 ῙΧ.
2182 4437 2230 4481 3.
2267 4431 2406 4495 636,
2442 4435 2525 4480 44.
2560 4432 2715 4482 vl11.
2754 4436 2801 4481 4.
2836 4433 2863 4497 6
2903 4438 2978 4483 13.
3014 4429 3109 4481 lx.

650 4515 699 4558 3.
735 4508 875 4573 619,
914 4512 996 4560 46.
1033 4512 1187 4563 vm.
1226 4518 1273 4563 4.
1311 4514 1437 4578 6ιο.
1475 4516 1572 4567 ΙΧ.
1613 4522 1660 4567 2.
1698 4518 1724 4582 6
1756 4521 1847 4580 32,
1886 4521 1966 4567 45.
2004 4516 2103 4568 IX.
2137 4523 2184 4567 3.
2216 4516 2241 4581 6
2270 4520 2352 4565 62.
2390 4515 2489 4567 ΙΧ.
2528 4521 2575 4566 2.
2610 4517 2637 4581 6
2672 4522 2755 4569 32.
2792 4517 2890 4569 IX.
2910 4522 2962 4568 3.
2994 4517 3019 4582 6
3048 4518 3103 4566 τι

645 4600 694 4644 et
728 4594 933 4647 sortasse
965 4599 1174 4663 saepius.

715 4674 800 4743 ²⁰⁹)
835 4678 955 4729 Asc.
991 4680 1115 4731 Ped.
1152 4699 1200 4748 p.
1239 4688 1319 4732 95.
1356 4682 1514 4735 Orell.

715 4757 799 4829 ²¹⁰)
834 4763 1036 4827 Quinct.
1073 4764 1172 4819 IX.
1210 4773 1257 4819 3.
1293 4768 1320 4833 6
1355 4772 1452 4833 94.
