3375 5500
2512 461 2725 504 xxxm

249 639 308 704 si
377 661 619 724 equus,
669 638 982 718 melissi03
1038 637 1144 703 cui
1211 639 1351 703 sine
1415 637 1615 704 dubio
1672 628 1919 725 optimo
1979 641 2159 721 iure,
2218 645 2333 729 qui
2380 645 2711 724 adstabat,

255 759 446 828 haec:
496 786 532 820 tt
545 765 614 824 at
659 759 715 824 si
762 759 982 824 cloaca
1029 779 1237 835 esses,
1308 759 1590 824 maxima
1648 759 1863 826 esses'’
1916 761 2066 848 1⁶⁸).
2160 763 2358 829 Quod
2413 765 2709 852 Caligula

247 899 512 964 quoque
584 876 811 944 fecisse
899 885 1197 942 narratur
1257 881 1420 963 1¹³⁷),·
1491 877 1693 943 immo
1779 878 2229 947 huiuscemodi
2324 881 2705 952 declamatio

245 997 335 1062 ad
378 1020 498 1064 nos
537 993 830 1083 pervenit
847 1044 869 1074 ,
906 1017 1138 1081 nempe
1182 995 1398 1060 Porcii
1447 996 1753 1062 Latronis
1771 1045 1793 1075 ,
1841 999 2169 1064 notissimi
2226 1000 2671 1069 declamatoris
2686 1053 2709 1082 ‚

242 1124 478 1184 contra
537 1119 616 1182 L.
663 1116 958 1200 Sergium
1001 1114 1382 1193 Catilinam,
1431 1115 1504 1180 in
1533 1117 1802 1196 ‚Senatu
1852 1138 1893 1182 a
1940 1116 2255 1186 Cicerone
2302 1120 2549 1188 scilicet
2592 1122 2709 1187 ha-

244 1239 388 1304 bita
401 1264 421 1318 3
467 1261 662 1324 quam
703 1258 841 1303 non
883 1235 1076 1304 credo
1120 1258 1410 1321 unquam
1461 1257 1612 1302 eum
1653 1236 2033 1303 habiturum
2075 1239 2307 1317 fuisse,
2348 1239 2404 1305 si
2454 1241 2708 1326 egregia

241 1358 366 1422 illa
438 1357 646 1443 prima
718 1357 924 1423 oratio
995 1363 1153 1422 tunc
1221 1356 1294 1420 in
1358 1356 1536 1422 illius
1605 1356 2013 1444 aliorumque
2088 1359 2388 1425 manibus
2463 1361 2711 1430 fuisset,

242 1476 568 1543 Solebant
603 1475 704 1539 illi
739 1475 1034 1542 homines
1045 1523 1066 1555 ,
1093 1475 1382 1560 quamvis
1412 1476 1670 1542 Cestius
1698 1476 1974 1544 infestus
2004 1482 2173 1544 esset
2209 1479 2509 1546 Ciceroni
2544 1492 2563 1530 1
2578 1485 2667 1566 ⁶⁸)
2686 1530 2709 1558 ,

237 1595 619 1680 saepissime
665 1594 747 1660 de
783 1595 1000 1660 Tullio
1044 1594 1146 1660 vel
1180 1596 1251 1659 in
1297 1594 1588 1661 Tullium
1635 1595 2139 1664 declamationes
2179 1597 2491 1676 scribere,
2536 1598 2711 1684 quod

239 1725 392 1782 tum
459 1737 538 1782 ex
599 1714 813 1780 allatis
873 1714 1184 1800 exemplis
1239 1721 1537 1799 apparet,
1583 1720 1730 1780 tum
1794 1736 1874 1780 ex
1934 1715 2404 1781 declamatione
2447 1716 2712 1801 Capito-

246 1836 349 1902 nis
385 1839 510 1921 ¹⁶⁹)
533 1883 554 1912 ,
581 1855 749 1919 quae
791 1833 1118 1900 ferebatur
1164 1832 1246 1898 de
1291 1833 1574 1918 Popillio
1590 1881 1612 1912 ,
1651 1833 1983 1900 Ciceronis
2032 1835 2481 1913 interfectore,
2510 1857 2678 1920 quae
2692 1882 2713 1914 ‚

247 1961 324 2020 ut
367 1955 642 2040 Meyero
680 1955 806 2038 ¹⁷⁰)
876 1953 1169 2030 videtur,
1203 1958 1492 2038 propter·
1522 1950 1883 2020 bonitatem
1900 2001 1922 2032 ,
1974 1959 2199 2039 postea
2275 1954 2510 2021 Porcio
2585 1954 2714 2021 La-

249 2073 424 2139 troni
459 2071 706 2138 tributa
747 2078 854 2138 est
901 2075 1050 2157 ¹⁷¹).
1141 2070 1226 2135 In
1274 2072 1406 2136 illis
1456 2071 2035 2138 declamationibus
2075 2095 2278 2158 quum
2319 2074 2553 2160 cupide
2598 2097 2715 2140 au-

251 2170 546 2260 direntur
604 2215 645 2258 a
710 2191 1040 2278 discipulis
1057 2238 1080 2268 ,
1144 2190 1258 2275 qui
1315 2191 1513 2256 etiam
1575 2191 1870 2258 Cestium
1938 2215 2133 2258 suum
2188 2193 2486 2260 Ciceroni
2534 2214 2716 2279 prae-

245 2315 530 2391 -ferrent',
592 2311 720 2377 nisi
767 2310 1012 2397 lapides
1061 2310 1368 2377 timerent
1421 2315 1546 2400 1⁷2)
1566 2358 1590 2390 ,
1648 2333 1727 2377 ea
1768 2311 1873 2376 usi
1920 2313 2215 2380 oratione
2228 2361 2249 2392 ,
2298 2320 2377 2379 ut
2424 2313 2719 2380 calamis-

249 2434 368 2501 tris
401 2431 624 2498 multis
639 2477 661 2508 ,
705 2431 966 2498 lascivia
995 2431 1336 2498 verborum
1382 2437 1449 2496 et
1484 2429 1749 2498 levitate
1792 2431 2264 2498 sententiarum
2280 2481 2306 2512 ,
2349 2439 2417 2499 et
2450 2433 2717 2500 licentia

249 2552 736 2639 compositionis
751 2597 773 2629 ‚
827 2549 1239 2616 histrionales
1287 2550 1517 2616 modos
1573 2550 2037 2636 exprimerent,
2108 2552 2284 2636 quod
2344 2574 2533 2619 verae
2588 2552 2722 2618 elo-

256 2673 566 2759 quentiae
630 2675 893 2757 gustum
963 2691 1101 2736 non
1167 2670 1482 2736 haberent
1495 2718 1517 2748 ‚
1589 2669 1821 2757 optimi
1889 2675 1957 2734 et
2017 2671 2307 2755 germani
2374 2671 2719 2738 Cicerones

257 2794 379 2862 sibi
461 2791 877 2857 videbantur:
945 2792 1148 2856 immo
1217 2790 1732 2875 quotusquisque
1808 2790 2342 2859 scholasticorum
2385 2793 2508 2881 ¹⁷³)
2582 2815 2719 2858 non

260 2914 378 2979 hac
439 2934 563 2979 sua
600 2903 1012 2998 persuasione
1053 2910 1325 2989 fruitur,
1359 2917 1434 2979 ut
1479 2932 1549 2977 se
1594 2914 1747 2977 ante
1790 2910 2175 2977 Ciceronem
2215 2915 2552 2990 numeret,
2599 2910 2712 2977 sed

253 3034 446 3120 plane
489 3038 638 3119 post
680 3030 1116 3098 Gabinianum
1171 3041 1190 3080 ι
1205 3020 1348 3118 74)ῗ

312 3295 396 3365 165)
429 3298 507 3348 Μ.
542 3296 738 3348 Seneca
770 3294 805 3343 l.
825 3294 861 3344 1.

312 3380 396 3445 ¹⁸⁷)
429 3381 573 3433 Suet.
607 3378 767 3443 Calig.
803 3382 888 3427 53.

313 3464 396 3528 ¹5⁸)
431 3466 508 3516 Μ.
543 3464 738 3517 Seneca
767 3464 913 3516 Suus.
953 3464 1000 3514 7.
1033 3478 1084 3528 p.
1121 3467 1205 3515 57.

313 3548 394 3617 169)
428 3550 506 3601 Μ.
540 3550 738 3602 Seneca
767 3548 942 3601 Contr.
977 3548 1012 3599 l.
1050 3548 1120 3601 V.
1156 3565 1205 3614 p.
1241 3552 1360 3599 353.

311 3632 398 3699 ¹⁷⁰)
431 3634 638 3699 Meyer,
671 3633 851 3697 fiagm.
887 3630 1048 3684 Oratt.
1083 3647 1133 3697 p.
1171 3636 1290 3681 542.
2346 3675 2353 3683 .

312 3716 398 3785 171)
429 3720 550 3769 Huc
579 3718 733 3770 etiam
762 3717 1025 3769 referenda
1055 3717 1252 3769 videtur
1283 3730 1415 3782 quae
1445 3716 1602 3766 fertur
1634 3714 1889 3769 Ciceronis
1916 3716 2075 3767 oratio
2112 3738 2137 3761 u
2151 3716 2337 3781 pridie,
2371 3730 2526 3782 quam
2560 3717 2613 3767 in
2640 3729 2727 3768 ex·

248 3802 413 3853 silium
444 3804 540 3853 iret
551 3805 600 3865 ,''
633 3804 698 3854 de
730 3818 833 3868 qua
864 3802 991 3853 haec
1023 3800 1260 3865 leguntur
1294 3801 1350 3850 in
1383 3800 1492 3850 cod.
1529 3799 1655 3859 Ms„
1700 3800 1787 3864 qui
1826 3806 2051 3851 servatur
2076 3800 2130 3850 in
2164 3800 2302 3850 Bibl.
2336 3799 2498 3851 Acad.
2533 3800 2733 3851 Rheno·

252 3886 382 3936 Trai.
395 3924 410 3947 ,
457 3903 560 3954 quo
599 3902 776 3939 omnes
819 3888 1066 3938 orationes
1105 3885 1357 3937 Ciceronis
1389 3884 1709 3935 continentur
1742 3899 1858 3935 cum
1898 3884 2127 3937 Sallustii
2166 3885 2417 3937 invectiva
2447 3886 2503 3936 in
2536 3885 2729 3938 Cicero-

251 3984 394 4031 nem,
425 3969 776 4036 Ciceronisque
808 3969 1058 4021 invectiva
1087 3970 1144 4020 in
1177 3969 1502 4020 Sallustium:
1541 3990 1565 4013 u
1583 3966 1785 4029 Oratio,
1818 3969 1959 4019 cuius
1992 3967 2223 4029 initium,
2259 3964 2321 4019 Si
2354 3985 2490 4035 quem
2521 3968 2729 4021 inimico·

251 4069 378 4115 rum,
413 4055 575 4105 noluit
605 4054 722 4105 huic
753 4055 998 4105 volumini
1029 4055 1184 4107 inseri
1214 4056 1282 4115 is,
1317 4056 1456 4105 cuius
1488 4055 1652 4105 studio
1679 4055 1957 4121 superiores
1986 4054 2041 4105 in
2070 4068 2232 4105 unum
2258 4055 2417 4107 veluti
2450 4070 2627 4121 eorpus
2652 4068 2728 4105 re-

249 4138 420 4189 dactae
451 4145 583 4196 sunt.
649 4139 780 4189 Eam
814 4152 1031 4203 namque
1057 4154 1161 4190 non
1191 4154 1224 4189 a
1249 4137 1521 4201 Cicerone,
1549 4138 1711 4203 pridie
1754 4154 1909 4205 quam
1952 4138 2343 4203 proficisceretur
2374 4141 2429 4189 in
2464 4139 2701 4189 exsilium
2714 4174 2730 4198 ,

251 4220 337 4271 sed
363 4222 428 4271 ab
469 4222 639 4289 aliquo
673 4220 1004 4273 declamatore
1021 4258 1036 4282 ,
1070 4222 1291 4289 quisquis
1321 4223 1410 4273 ille
1442 4222 1591 4274 fuerit
1623 4224 1755 4275 nihil
1788 4224 1855 4275 ad
1888 4237 2005 4285 nos,
2058 4223 2269 4284 editam.
2304 4238 2409 4275 non
2442 4224 2639 4287 ineptus
2670 4222 2728 4271 in

254 4304 346 4355 hac
375 4320 434 4357 re
463 4307 618 4359 iudex
647 4305 816 4373 palam
848 4305 1038 4357 dictitat
1070 4314 1222 4373 aulus
1259 4315 1428 4373 aperte
1461 4309 1803 4375 pronuntiat.”

318 4388 399 4440 De
427 4390 541 4441 aliis
571 4392 872 4443 orationibus
902 4392 1162 4458 suppositis
1193 4394 1354 4446 Tullii
1387 4394 1592 4447 nomine
1625 4394 1740 4447 vide
1770 4394 1939 4455 Bahr,
1975 4391 2158 4447 Gesch.
2192 4394 2281 4445 der
2306 4392 2457 4445 Rom.
2492 4392 2614 4443 Litt.
2649 4390 2722 4441 Π.

255 4486 304 4535 p.
339 4478 453 4525 295.
491 4476 567 4526 ed.
605 4483 702 4527 3³0.

321 4552 405 4621 ²⁷²)
439 4558 514 4609 M.
549 4560 743 4614 Seneca
775 4564 902 4615 Exc.
937 4561 1111 4613 Contr.
1146 4564 1249 4615 111.
1284 4579 1334 4627 p.
1372 4568 1494 4615 427.

323 4637 368 4675 17
369 4636 408 4704 ⁵)
441 4643 636 4697 Auctor
668 4647 788 4699 dial.
823 4649 888 4699 de
923 4634 1082 4700 Oratt'.
1123 4652 1186 4699 26
1225 4648 1260 4698 f.

318 4720 406 4795 ²⁷4)
439 4727 594 4782 Hunc
624 4732 792 4787 locum
824 4734 894 4786 ita
925 4733 1179 4787 constituit
1211 4730 1450 4785 Dronke:
1497 4730 1678 4799 (Taciti
1710 4700 1937 4799 dialogus
1970 4733 2033 4792 de
2080 4732 2387 4789 Oratoribus.
2429 4718 2732 4785 Confluenti-

911 4831 914 4833 7
2286 4832 2329 4897 3
