3375 5500
2534 459 2713 502 nvn

259 641 485 708 Cicero
504 688 525 720 ‚
567 640 650 706 de
723 642 916 704 nocte
971 637 1268 724 proxima
1323 643 1390 704 et
1453 639 1783 724 superiore
1796 685 1818 716 ,
1876 638 1921 700 i.
1968 659 2023 703 e.
2086 639 2443 706 secundum
2492 644 2717 712 Ferra-

250 763 427 828 tium
475 763 600 845 ²³⁷)
623 807 642 837 ,
688 758 770 824 de
814 756 1064 823 duabus
1106 757 1408 824 noctibus
1457 779 1652 842 agens
1702 756 1853 846 ²³⁸).
1947 757 2077 826 Sed
2122 759 2333 844 primo
2382 761 2499 827 illa
2534 767 2719 834 testi-

249 882 474 947 monia
529 901 608 946 ex
662 879 1095 957 Catilinariis,
1156 897 1324 964 quae
1378 877 1580 943 satius
1625 885 1797 944 esset
1842 899 1980 944 non
2032 880 2388 964 attingere,
2432 883 2605 951 inter
2650 909 2719 954 se

248 1008 578 1087 pugnant,
629 1007 730 1066 ut
789 1021 984 1084 supra
1046 998 1178 1062 iam
1243 997 1413 1061 dixi:
1477 1019 1630 1062 nam
1703 998 1776 1062 in
1826 1000 1862 1083 ᾧ
1922 999 1965 1062 6
2018 999 2330 1066 orationis
2398 1005 2717 1072 secundae

253 1121 492 1188 diserte
539 1119 866 1185 indicatur
882 1167 902 1197 ,
961 1120 1274 1184 Senatum
1325 1139 1463 1184 esse
1522 1116 1820 1185 habitum
1874 1139 1953 1184 eo
2002 1119 2143 1204 ipso
2186 1119 2291 1186 die
2335 1123 2448 1206 qui
2492 1145 2720 1191 conse-

249 1248 440 1308 cutus
486 1248 585 1308 est
631 1245 892 1305 noctem
945 1260 1086 1305 eam
1104 1286 1126 1316 ,
1173 1259 1303 1322 qua
1350 1237 1435 1303 ad
1477 1239 1580 1304 M.
1631 1240 1913 1304 Laecam
1960 1259 2315 1308 convenere
2357 1243 2715 1322 coniurati,

251 1361 432 1446 quod
489 1359 870 1436 discrimen,
935 1379 1086 1423 cum
1143 1357 1412 1423 Halmio
1461 1363 1588 1444 2³⁹)
1612 1406 1634 1437 ‚
1706 1359 2030 1444 imputare
2094 1361 2430 1442 Ciceroni,
2491 1372 2716 1448 postea

249 1482 418 1546 haec
472 1479 710 1564 scripto
750 1476 1117 1555 mandanti,
1177 1477 1526 1542 absurdum
1578 1484 1702 1544 est.
1775 1478 2035 1546 Deinde
2089 1481 2395 1548 Halmius
2436 1483 2715 1552 alterum

239 1601 473 1665 locum
534 1619 612 1664 ex
667 1597 948 1662 secunda
1007 1597 1300 1664 oratione
1353 1619 1689 1682 perperam
1744 1599 2065 1684 explicare
2133 1601 2391 1669 videtur
2402 1629 2423 1683 3
2482 1606 2715 1671 statuit

241 1719 424 1785 enim
471 1719 545 1782 in
597 1717 840 1784 verbis:
893 1744 928 1778 n
949 1717 1142 1802 quid,
1185 1722 1264 1782 ut
1307 1717 1612 1784 hesterno
1669 1717 1779 1784 die
1794 1765 1815 1797 ‚
1861 1739 2011 1784 cum
2056 1720 2233 1786 domi
2278 1745 2461 1790 meae
2506 1749 2713 1810 paene

244 1837 626 1904 interfectus
675 1857 879 1902 essem
895 1883 919 1915 ,.
962 1839 1280 1902 Senatum
1329 1836 1402 1901 in
1457 1836 1684 1902 aedem
1733 1838 1911 1904 Iovis
1962 1841 2240 1906 Statoris
2286 1849 2713 1928 convocavi”.‚

243 1958 576 2025 neminem
619 1957 692 2022 id
737 1963 1036 2022 acturum
1051 2004 1074 2034 ,
1127 1957 1204 2021 ut
1222 2002 1244 2033 ,
1289 1960 1560 2020 hesterno
1607 1957 1705 2021 die
1730 1957 1969 2024 referat
2013 1959 2127 2024 ad:
2178 1980 2319 2026 cum
2356 1965 2715 2049 interfectus

241 2085 446 2147 essem.
537 2078 738 2145 Quod
805 2077 878 2140 ni
939 2075 1058 2142 'fiat
1073 2123 1095 2155 ,
1156 2076 1316 2142 haec
1391 2075 1551 2142 dicit
1610 2076 1879 2148 Cicero-2
1947 2081 2127 2162 (nam
2191 2081 2274 2147 ab
2337 2083 2463 2150 hoc
2516 2087 2713 2154 etiam

181 2248 188 2254 -
245 2198 597 2265 secundam
667 2196 1027 2264 orationem
1081 2217 1220 2262 esse
1275 2197 1740 2281 conscriptam,
1802 2198 2073 2265 Halmio
2114 2221 2492 2285 persuasum
2546 2214 2671 2294 est)
2690 2257 2712 2288 ‚

245 2340 318 2384 se
359 2339 742 2384 convocasse
801 2318 1114 2382 Senatum
1133 2362 1155 2393 ,
1199 2316 1304 2382 die
1344 2319 1412 2386 ,8.
1447 2339 1540 2381 m.
1584 2318 1759 2383 Nov.
1775 2366 1797 2397 ‚
1842 2318 2019 2403 quod
2062 2341 2318 2388 summo
2366 2345 2559 2390 mane
2608 2327 2714 2397 die

165 2509 196 2528 ..
248 2440 286 2501 7
296 2487 309 2500 .
339 2460 428 2502 m.
455 2438 628 2504 Nov.
669 2457 874 2523 paene
912 2435 1292 2502 interfectus
1339 2442 1542 2515 esset,
1579 2459 1719 2502 non
1764 2437 1942 2521 quod
1968 2439 2391 2526 Reipublicae
2430 2446 2712 2514 maxime

245 2557 622 2632 interesset,
658 2563 737 2623 ut
778 2555 1105 2622 Catilinae
1131 2555 1421 2624 -consilia
1460 2577 1609 2621 cum
1664 2558 1955 2642 patribus
2006 2566 2075 2625 et
2115 2582 2265 2626 cum
2291 2565 2533 2648 populo
2577 2567 2711 2632 Ro-

247 2695 446 2744 mano
473 2677 1123 2744 communicarentur.
1182 2677 1350 2743 Quis
1376 2677 1536 2744 haec
1563 2699 1853 2763 unquam
1880 2687 2243 2766 concoquat
2252 2727 2273 2759 ,
2296 2682 2674 2751 Ciceronem
2688 2736 2711 2766 ,

247 2820 456 2885 quum
487 2799 722 2866 certior
765 2805 936 2864 esset
975 2799 1186 2863 factus
1199 2847 1220 2876 ,
1267 2820 1346 2864 ea
1386 2804 1580 2865 nocte
1596 2845 1618 2876 ,
1664 2820 1831 2883 quae
1874 2807 2014 2866 erat
2048 2801 2223 2868 inter
2259 2802 2319 2868 d.
2360 2806 2405 2869 6
2448 2811 2515 2872 et
2554 2810 2591 2872 7
2620 2832 2707 2873 m.

243 2923 414 2987 Nov.
432 2969 454 2999 ,
501 2920 662 3006 quid
715 2920 1002 2985 Catilina
1049 2918 1421 2995 moliretur,
1467 2924 1534 2983 et
1581 2939 1748 3002 quae
1792 2919 1966 3005 apud
2020 2921 2117 2984 M.
2166 2924 2446 2989 Laecam
2490 2939 2709 2997 essent

240 3042 599 3107 constituta
615 3089 636 3119 ,
705 3059 784 3106 ea
841 3039 1138 3107 demum·
1163 3038 1227 3103 d.
1276 3041 1340 3102 8.
1391 3060 1478 3102 m.
1536 3039 1709 3103 Nov.
1756 3038 1840 3104 ad
1884 3040 2111 3105 Patres
2158 3040 2467 3111 detulisse
2483 3095 2501 3125 ,
2564 3068 2709 3134 per-

245 3181 370 3243 que
441 3182 636 3226 omne
711 3160 913 3237 illud,
987 3158 1164 3243 quod
1240 3157 1680 3223 intercedebat
1696 3206 1716 3235 ‚
1787 3164 2044 3243 tempus
2112 3163 2465 3247 tranquille
2529 3167 2705 3233 domi

245 3279 591 3346 mansisse:
637 3303 791 3346 nam
840 3282 1154 3347 Senatum
1191 3279 1263 3343 in
1309 3277 1536 3344 aedem
1570 3279 1749 3344 Iovis
1796 3279 2072 3346 Statoris
2104 3286 2481 3352 convocavit
2496 3335 2519 3364 ,
2560 3310 2710 3372 pro-

243 3398 414 3466 xime
469 3399 734 3466 domum
785 3422 969 3465 suam
1022 3403 1145 3485 2⁴⁰)
1168 3447 1190 3478 ,
1234 3398 1406 3465 vitae
1453 3420 1610 3465 suae
1649 3399 1889 3466 timens
1906 3448 1927 3478 ‚
1968 3407 2047 3467 ut
2098 3401 2429 3469 Antonius
2479 3414 2707 3491 postea

242 3517 393 3585 fecit
469 3519 542 3583 in
621 3518 845 3587 aedem
920 3518 1198 3586 Telluris
1271 3520 1498 3586 Patres
1574 3539 1933 3585 convocans
1992 3520 2141 3610 2⁴¹).
2232 3522 2452 3593 Tertio
2468 3575 2489 3606 ,
2562 3532 2707 3616 quis

247 3644 464 3721 potest
501 3640 772 3723 cogitari
815 3640 1078 3705 stultior
1121 3660 1318 3724 quam
1361 3640 1476 3705 ille
1522 3662 1816 3705 summus
1864 3648 2082 3708 orator
2119 3643 2256 3709 scil.
2272 3691 2293 3722 ,
2347 3648 2461 3731 qui
2500 3648 2706 3729 dicat,

245 3776 314 3821 se
370 3758 598 3825 omnia
665 3760 1051 3845 comperisse
1065 3807 1086 3837 ,
1162 3780 1329 3843 quae
1398 3758 1682 3824 Catilina
1746 3759 1995 3826 duabus
2056 3762 2355 3830 noctibus
2417 3768 2706 3853 superio-

243 3877 420 3945 ribus
499 3878 818 3969 (proxima
889 3887 957 3947 et
1025 3879 1378 3966 superiore)
1461 3879 1730 3965 egisset,
1802 3901 2004 3965 quum
2077 3902 2213 3947 non
2280 3883 2409 3950 nisi
2479 3886 2562 3955 de
2630 3913 2707 3959 ea

241 4004 463 4077 nocte,
524 4021 653 4084 qua
721 4001 805 4065 ad
867 4001 965 4065 M.
1030 4001 1310 4067 Laecam
1367 4006 1811 4067 convenerunt
1869 4001 2223 4081 coniurati,
2277 4003 2350 4070 in
2411 4010 2705 4077 oratione

243 4116 448 4200 prima
492 4118 709 4187 dicat?

328 4239 602 4306 Accedit
649 4240 814 4306 alius
869 4240 1086 4318 testis,
1132 4262 1328 4325 quem
1381 4241 1581 4307 miror
1633 4264 1674 4306 a
1728 4244 2061 4309 nonnullis
2106 4245 2523 4331 scriptoribus
2568 4250 2739 4315 non‘

301 4408 386 4483 ²⁵⁷)
417 4416 618 4469 Ferret.
653 4421 750 4485 Ep.
785 4421 824 4471 1.-
839 4422 876 4471 1.

305 4493 389 4565 ²⁵⁸)
425 4502 490 4552 In
523 4500 674 4554 Catil.
707 4504 756 4555 Ι.
797 4510 842 4555 1.
877 4506 904 4571 5
937 4510 980 4555 1.
1017 4506 1133 4557 0011.
1171 4512 1219 4558 4.
1255 4509 1283 4572 5
1317 4513 1376 4570 8,
1415 4514 1464 4559 9.
1499 4510 1575 4561 11.
1612 4516 1660 4561 3.
1698 4510 1725 4573 5
1762 4513 1812 4558 e.
1862 4513 1911 4559 e.
1946 4511 1971 4575 5
2012 4517 2088 4560 12.

303 4579 387 4651 23ε’)
421 4587 487 4639 In
522 4590 649 4653 prol.
683 4588 820 4640 laud.
857 4592 913 4642 in
947 4590 1051 4642 fine
1084 4606 1134 4657 p.
1177 4596 1256 4642 12.

306 4664 392 4734 ²⁴⁰)
427 4669 567 4725 Plut.
601 4673 708 4727 cie.
750 4680 831 4725 16.

306 4746 391 4820 ²⁴¹)
428 4756 650 4823 Becker,
685 4759 832 4811 R6m.
873 4760 1095 4817 Alterth.
1131 4762 1206 4815 11.
1237 4778 1293 4817 11.
1325 4780 1374 4830 p.
1406 4769 1526 4816 414.
1562 4763 1678 4815 adn.
1721 4767 1869 4815 1045.
