3375 5500
1431 404 1516 464 39

255 606 492 679 consul
515 629 773 678 -vexare
811 603 1306 704 rempublicam
1349 631 1618 706 posseS‚
1661 613 1871 704 atque
1907 615 1987 680 ut
2023 608 2131 694 id,
2172 609 2357 706 quod
2394 618 2575 684 esset
2602 613 2697 702 ⁰4)

255 760 294 807 a
352 742 422 806 te
469 735 564 824 ⁶5)
635 733 958 806 scelerate
1027 745 1455 833 susceptum,
1512 735 1944 809 latrocinium
1993 735 2259 834 potina,
2303 763 2513 834 quam
2557 738 2698 810 bel·-

252 863 396 934 lum
445 861 933 936 nominaretur.

339 1031 401 1100 ⁶4)
439 1045 527 1086 est.
669 1032 732 1102 ⁶⁵)
766 1037 854 1086 aba
887 1045 954 1088 te.

242 1361 380 1420 lisse
437 1358 754 1420 Catilinam
811 1379 845 1418 a
889 1359 1236 1426 consulatu,
1284 1369 1483 1420 tamen
1533 1361 1778 1422 defendi
1814 1380 1937 1422 non
1980 1373 2197 1441 posset.
2282 1365 2428 1428 Nam
2480 1390 2553 1430 ex
2606 1393 2708 1442 eo,

243 1457 406 1535 quod
448 1455 701 1516 Catilina
749 1474 873 1514 non
924 1466 1015 1516 est
1064 1457 1287 1524 factuS,
1345 1477 1452 1536 per
1495 1477 1557 1517 se
1614 1458 1884 1518 nondum
1929 1461 2203 1538 sequitur
2245 1481 2395 1542 eum·
2440 1469 2708 1529 exsulem

240 1552 545 1619 futurum,
588 1552 690 1630 qui
735 1551 1162 1629 rempublicam
1207 1563 1300 1613 est
1335 1562 1711 1621 tentaturus;
1753 1556 1944 1614 multo
1986 1558 2186 1616 minus
2237 1558 2377 1620 inde
2428 1562 2715 1625 effectum

241 1660 332 1709 est
377 1659 445 1708 ut
482 1646 770 1708 Catilinae
815 1649 1126 1708 conamina
1170 1660 1377 1710 contra
1421 1650 1849 1730 rempublicam
1891 1651 2090 1730 potius
2137 1652 2501 1716 latrocinium
2541 1677 2711 1737 quam

246 1746 454 1806 bellum
495 1743 944 1804 nominarentur.

322 1939 670 2016 Antequam.
712 1937 787 1997 ad
829 1938 1132 2018 epilogum
1177 1941 1396 1999 transit
1437 1949 1793 2018 personatus
1836 1938 2074 2008 Cicero,
2116 1940 2526 2020 interponitur
2568 1948 2708 2008 allo-

242 2037 404 2095 cutio
453 2035 712 2113 patriae,
753 2035 848 2094 vel
892 2044 1143 2094 cunctae
1189 2033 1422 2103 Italiae,
1465 2036 1559 2095 vel
1603 2036 2004 2114 reipublicae,
2048 2047 2152 2096 aut
2194 2038 2463 2098 omnium
2506 2042 2711 2112 simul,

243 2130 316 2190 ad
357 2149 569 2208 quam,
613 2139 682 2188 ut
725 2129 1042 2190 attendere
1083 2130 1412 2209 diligenter
1441 2131 1632 2190 velint
1668 2130 1908 2198 Patres,
1932 2141 2105 2210 rogat
2130 2143 2345 2192 orator.
2412 2134 2709 2198 Haberem

243 2228 399 2306 quod
456 2244 818 2305 opponerem
875 2227 964 2293 ei,
1015 2228 1116 2305 qui
1170 2229 1566 2287 contenderet
1617 2228 1870 2305 patriam
1921 2228 2269 2305 loquentem
2320 2247 2450 2290 esse
2502 2232 2708 2293 induc-

242 2333 387 2389 tam,
445 2331 574 2380 tum
625 2322 818 2399 qued,
859 2341 907 2380 c.
954 2323 1032 2381 ’1-2
1073 2322 1204 2381 init.
1252 2332 1454 2381 orator
1495 2323 1821 2400 respondet
1862 2321 2213 2399 reipublicae
2252 2325 2523 2394 vocibus,
2580 2338 2709 2388 tum

240 2416 426 2496 quod,
490 2434 642 2495 quae
709 2417 771 2475 in
837 2415 1153 2476 Catilinam
1218 2416 1630 2496 indulgentior
1692 2427 1753 2476 et
1818 2419 2123 2476 remissior
2186 2439 2365 2496 quam
2428 2439 2535 2500 par
2590 2434 2709 2493 est,

239 2513 425 2572 fuisse
487 2512 798 2579 videatur,
861 2513 924 2570 in
982 2510 1329 2572 Ciceronem
1373 2514 1517 2572 satis
1561 2511 1955 2572 vehementer
1996 2513 2358 2592 invehitur„
2406 2517 2709 2598 Exprobat

241 2609 300 2668 ei
365 2609 523 2686 quod
576 2608 846 2667 nondum
903 2607 1164 2667 interfici
1221 2607 1536 2668 Catilinam
1575 2609 1870 2677 iusserit,
1926 2610 2298 2689 inquiritque
2356 2612 2419 2670 in
2476 2633 2708 2682 causas,

239 2722 396 2783 quae
459 2704 764 2764 consulem
827 2704 1083 2765 movisse
1148 2706 1470 2765 videantur
1532 2714 1602 2764 ut
1665 2704 2029 2784 reipublicae
2094 2707 2359 2776 deesset,
2422 2729 2569 2788 quas
2634 2712 2711 2771 ad

239 2822 422 2862 unam
487 2820 695 2862 omnes
757 2802 1011 2871 refellit,
1075 2802 1295 2880 quibus
1359 2802 1771 2862 defensionem
1835 2804 2084 2881 opponit
2150 2814 2351 2864 orator
2404 2806 2468 2865 in
2510 2826 2557 2866 c.
2615 2809 2707 2866 12.

237 2898 471 2966 Patria,
526 2917 680 2977 quae
737 2899 926 2958 suasit
979 2897 1270 2958 Catilinae
1325 2908 1396 2957 ut
1452 2898 1791 2958 discederet
1834 2917 1908 2957 ex
1951 2899 2101 2959 urbe
2144 2918 2191 2958 c.
2233 2900 2283 2959 7.
2343 2900 2455 2959 sibi
2500 2922 2710 2979 parum

235 3004 504 3061 constat,
566 2994 650 3053 ita
707 3003 776 3052 ut
833 2994 1087 3061 oratori,
1145 2995 1248 3072 qui
1303 3014 1465 3053 nunc
1522 2994 1767 3054 videtur
1822 3012 2031 3054 revera
2075 2993 2388 3054 Catilinam
2440 3016 2516 3055 ex
2558 2998 2711 3057 urbe

235 3091 568 3168 expulisse,
634 3090 784 3149 vitio
843 3098 1072 3157 vertat,
1148 3089 1310 3167 quod
1373 3088 1642 3156 hostem,
1707 3090 2036 3167 principem
2099 3091 2530 3151 coniurationis
2585 3112 2709 3153 non

235 3186 628 3246 interfecerit.
715 3184 872 3255 Quid
929 3204 1151 3263 quaeso
1208 3185 1528 3247 absurdius
1585 3202 1715 3243 esse
1768 3192 1997 3261 potest,
2041 3204 2221 3263 quam
2264 3188 2709 3267 reprehendere

235 3300 409 3349 eum,
453 3282 559 3359 qui
601 3282 763 3359 quod
805 3282 932 3360 ipse
975 3284 1266 3349 suaseris,
1307 3280 1560 3341 fecerit?
1605 3279 1763 3349 Quid
1806 3280 2071 3359 ineptius
2114 3303 2291 3361 quam
2326 3284 2483 3345 hanc
2514 3290 2710 3366 queri-

226 3378 501 3438 moniam
550 3396 728 3455 prope
781 3376 994 3437 iustam
1046 3377 1289 3439 dicere?
1372 3375 1699 3437 Videamus
1753 3394 1897 3436 vero
1954 3379 2100 3455 quid
2157 3398 2189 3437 a
2248 3383 2491 3440 consule
2540 3402 2709 3460 repo-

235 3484 450 3540 natur,
515 3483 583 3533 ut
647 3484 928 3552 appareat
983 3492 1123 3533 eum
1178 3492 1300 3533 non
1357 3473 1420 3533 id
1477 3475 1670 3553 egisse
1716 3484 1784 3533 ut
1828 3476 2081 3552 patriam
2125 3476 2380 3537 dicendo
2424 3498 2709 3558 superare

237 3571 498 3630 voluisse
555 3570 863 3639 videatur;
920 3571 1046 3649 ipse
1104 3572 1266 3630 enim
1309 3570 1358 3629 si
1396 3569 1527 3629 fieri
1571 3580 1769 3649 potest
1812 3572 1993 3630 etiam
2038 3573 2229 3651 magis
2272 3574 2513 3633 titubat.
2595 3574 2709 3633 Ex-

235 3675 408 3725 cusat
473 3684 538 3724 se
602 3667 759 3743 apud
823 3676 1056 3745 patreS‚
1121 3666 1282 3745 quod
1344 3668 1556 3733 multi,
1620 3668 1668 3725 si
1728 3666 2043 3726 Catilinam
2102 3669 2532 3738 interfecisset,
2588 3690 2709 3730 non

237 3762 431 3820 solum
475 3760 761 3839 improbi,
814 3762 920 3822 sed
963 3762 1146 3821 etiam
1185 3761 1474 3839 imperiti,
1519 3762 1582 3821 id
1624 3761 1955 3821 crudeliter
1997 3771 2059 3820 et
2103 3764 2269 3841 regie
2312 3765 2536 3825 factum
2578 3784 2709 3825 csse

236 3856 559 3923 dixissent,
634 3859 906 3935 quamvis
975 3859 1078 3936 qui
1149 3856 1574 3925 Saturninum,
1647 3854 1943 3916 Gracchos
2014 3858 2280 3936 aliosque
2352 3879 2427 3918 ex
2498 3862 2709 3922 eodem

237 3952 379 4013 Scto
445 3953 918 4023 interfecissent,
983 3974 1048 4015 se
1103 3973 1313 4014 eorum
1379 3953 1670 4032 sanguine
1733 3950 2173 4013 honestassent.
2260 3952 2451 4023 Quem
2513 3957 2710 4017 locum
2801 4001 2809 4009 χ

235 4050 312 4109 de
391 4049 752 4109 erudelitate
829 4059 892 4110 e't
966 4070 1156 4131 regno
1233 4052 1308 4111 ab
1378 4052 1452 4109 iis
1511 4057 1826 4107 mutuatus
1890 4058 2013 4116 est,
2090 4049 2191 4127 qui
2272 4061 2478 4128 postea
2551 4051 2709 4112 Cice·
2790 4082 2793 4084 Α

237 4146 444 4205 ceroni
507 4146 861 4206 obiecerunt
923 4166 1044 4207 non
1108 4146 1422 4208 Catilinam
1479 4166 1554 4205 ex
1617 4145 1767 4204 urbe
1833 4146 2149 4214 emissum,
2213 4147 2319 4206 sed
2384 4144 2712 4207 Lentulum

239 4242 510 4319 aliosque
566 4243 629 4301 in
684 4260 923 4303 carcere
981 4244 1414 4322 strangulatOS,
1472 4241 1634 4320 quod
1689 4257 1811 4298 non
1867 4240 2063 4299 solum
2119 4239 2195 4299 ab
2234 4240 2507 4301 inimicis
2550 4241 2711 4302 Cice-

239 4338 407 4396 ronis
463 4336 688 4397 factum
745 4356 907 4406 esse,
965 4338 1073 4397 sed
1128 4338 1204 4396 ab
1246 4338 1320 4398 iis
1365 4337 1468 4416 qui
1510 4355 1646 4396 cum
1703 4354 1775 4395 eo
1818 4334 2248 4414 rempublicam
2299 4335 2712 4396 defendissent

236 4431 582 4491 luculenter
624 4433 800 4493 docet
844 4431 1209 4512 TorquatuS,
1247 4434 1351 4512 qui
1394 4452 1578 4511 quum
1625 4430 1853 4511 Syllam
1888 4431 2203 4490 accusabat
2246 4449 2368 4491 non
2410 4431 2712 4494 dubitavit

237 4525 314 4585 de
373 4545 444 4586 ea
501 4546 568 4587 re
626 4530 895 4608 graviter
951 4529 1108 4608 apud
1164 4528 1394 4588 iudices
1450 4529 1638 4607 queri.
1727 4526 1845 4588 Sed
1894 4527 2034 4595 nolo
2074 4526 2188 4586 hoc
2232 4545 2479 4607 urgere3
2524 4528 2712 4586 satius

237 4622 358 4680 erit
421 4622 716 4694 indicare,
779 4645 958 4705 quam
1021 4644 1231 4705 parum
1295 4625 1660 4685 declamator
1722 4623 2067 4683 meminerit
2128 4641 2367 4691 eorum,
2432 4640 2583 4701 quae
2647 4622 2711 4682 in

238 4717 652 4797 superioribus
687 4723 928 4783 dixerit.
987 4721 1190 4801 Capite
1227 4720 1308 4781 111
1343 4720 1506 4781 enim
1539 4719 1689 4781 haec
1725 4720 2043 4801 leguntur:
2082 4720 2170 4781 »si
2203 4730 2263 4781 te
2286 4718 2405 4779 iam
2426 4717 2714 4786 Catilina,
