3375 5500
1403 397 1484 460 11

196 613 344 695 ret,
409 631 496 680 ne
565 605 735 705 quid
778 604 1163 703 respublica
1224 603 1620 678 detrimenti
1665 610 1937 702 caperet
1955 636 1972 690 ;
2024 628 2161 676 nox
2206 604 2397 678 nulla
2448 604 2654 679 inter-
2758 629 2763 636 ·

196 734 451 824 cessit3
501 734 897 808 interfectus
939 741 1044 808 est
1078 740 1355 832 propter
1393 732 1729 830 quasdam
1774 732 2189 806 seditionum
2230 733 2652 830 suspiciones

198 863 281 937 G.
317 864 386 954 8)
435 862 821 950 GracchuS‚
872 861 1245 936 clarissimo
1288 867 1482 958 patre
1502 921 1520 946 ,
1571 885 1727 947 av0,
1779 860 2190 948 maioribus;
2243 859 2505 933 occisus
2552 867 2656 934 est

197 1016 368 1064 cum
445 990 680 1065 liberis
756 991 860 1064 M.
917 989 1204 1063 Fulvius
1263 989 1654 1063 consularis,
1780 987 2003 1061 Simili
2068 988 2659 1062 senatusconsulto

285 1151 334 1223 ⁸)
370 1151 572 1204 Gaium.

189 1461 522 1522 inserenda
579 1469 670 1520 est
725 1461 1086 1540 praepositio
1140 1459 1240 1528 in,·
1299 1479 1437 1520 nam
1495 1460 1788 1540 appositio
1844 1461 2097 1540 genitivi
2142 1460 2475 1522 Antiochiae
2502 1460 2663 1520 nude

191 1559 251 1616 iu
301 1557 572 1616 ablativo
627 1556 765 1634 poni
821 1574 942 1614 non
985 1564 1199 1634 potest.
1281 1590 1362 1601 ——
1409 1563 1471 1616 ul
1526 1556 1588 1615 L.
1637 1555 1894 1634 Opimius
1934 1557 2133 1618 consul
2172 1557 2397 1618 videret.
2481 1555 2665 1615 Recte

193 1655 360 1714 solus
413 1652 680 1732 Opimius
723 1652 1094 1720 nominatur,
1153 1650 1266 1710 Cic.
1320 1651 1469 1712 Phil.
1524 1650 1671 1712 VIII.
1718 1654 1771 1711 4.
1816 1652 1864 1733 S
1908 1655 2007 1712 14:
2052 1654 2255 1725 »Quod
2297 1653 2359 1712 L.
2410 1651 2667 1730 Opimius

195 1750 399 1811 consul
433 1749 602 1809 verba
642 1748 779 1825 feeit
820 1748 890 1806 de
921 1747 1215 1826 republica
1257 1746 1321 1806 D.
1359 1746 1423 1806 E.
1462 1745 1526 1806 R.
1559 1746 1600 1806 I.
1633 1745 1693 1806 C.
1725 1765 1823 1806 tm
1868 1747 1929 1807 L.
1976 1747 2217 1808 Ormws
2259 1765 2476 1806 consul.
2520 1763 2663 1804 REM-

193 1863 488 1906 rnBLmAM
531 1842 972 1903 numantiam-:⁹⁹
1016 1842 1161 1922 App.
1206 1841 1267 1901 B.
1313 1841 1372 1902 C.
1408 1841 1449 1902 I.
1486 1843 1580 1902 25.
1628 1842 1664 1902 s.
1713 1842 1882 1904 Alter
1922 1845 2084 1904 enim
2126 1844 2334 1904 consul
2376 1861 2497 1902 non
2533 1850 2665 1901 erat

196 1941 448 2010 Romae,
480 1940 752 2019 quamvis
781 1939 964 2017 vulgo
1007 1939 1249 2016 utrique
1279 1939 1509 1998 consuli
1546 1956 1616 1997 ea
1651 1946 1942 2017 potesta-3,
1972 1957 2147 2017 saepe
2170 1939 2352 1998 etiam
2374 1955 2509 1997 cum
2533 1936 2664 1995 aliis

196 2035 654 2115 magistratibus
696 2032 1063 2093 tradebatur.
1109 2030 1224 2092 Cic.
1263 2052 1315 2111 p.
1353 2031 1495 2093 Rab.
1534 2033 1699 2112 perd.
1746 2051 1851 2093 reo
1890 2034 1941 2092 7.
1979 2033 2027 2113 S
2060 2034 2155 2094 20.
2194 2032 2432 2113 (collato
2461 2042 2663 2092 tamen

200 2131 313 2192 Cic.
361 2129 512 2190 Phil.
537 2127 686 2189 VIII.
708 2130 762 2188 2.
786 2128 834 2209 5
870 2128 966 2209 15)
998 2129 1126 2188 Asc.
1152 2129 1291 2189 Ped.
1325 2130 1399 2190 ad
1431 2128 1628 2189 Milon.
1660 2149 1715 2209 p.
1754 2130 1863 2199 35,
1889 2130 2149 2190 »factum
2173 2140 2302 2190 erat
2326 2129 2557 2196 Sctum,
2594 2136 2665 2187 ut

201 2229 474 2287 interrex
515 2237 576 2285 et
620 2224 850 2284 tribuni
891 2224 1082 2304 plebis
1126 2233 1188 2284 et
1231 2223 1332 2284 Cn.
1370 2224 1711 2305 PompeiuS,
1755 2227 1858 2304 qui
1902 2245 2010 2304 pro
2052 2227 2295 2285 consule
2340 2225 2415 2284 ad
2450 2223 2663 2282 urbem

201 2333 329 2384 crat
345 2369 362 2393 ,
399 2322 704 2389 viderent,
747 2339 824 2380 ne
853 2322 999 2400 quid
1021 2322 1370 2382 detrimenti
1393 2321 1729 2400 respublica
1753 2332 1993 2402 caperet
2010 2323 2061 2392 ,’'
2083 2321 2188 2382 ubi
2208 2321 2661 2401 corrigendum:

199 2439 276 2480 ne
307 2419 457 2497 quid
488 2417 823 2496 respublica
847 2416 1197 2476 detrimenti
1221 2424 1476 2495 caperet.
1501 2416 1572 2476 cf.
1606 2416 1736 2476 Asc.
1774 2437 1827 2496 p.
1866 2416 2043 2478 Orell.
2061 2421 2122 2480 6.
2168 2417 2328 2478 Cacs,
2353 2419 2428 2478 de
2451 2416 2512 2476 B.
2536 2415 2596 2476 C.
2619 2415 2661 2474 I.

203 2517 253 2575 5.
281 2541 305 2568 s>
319 2515 472 2574 dent
495 2529 734 2592 operam
758 2512 1057 2580 consuleS,
1080 2522 1405 2591 praetoreS,
1427 2512 1655 2573 tribuni
1678 2512 1887 2592 plebis,
1912 2514 2136 2593 quique
2158 2515 2500 2575 consulares
2522 2523 2664 2573 sunt

202 2611 278 2670 ad
320 2610 536 2670 urbem
576 2627 654 2668 ne
693 2606 839 2686 quid
880 2607 1214 2685 respublica
1250 2607 1601 2668 detrimenti
1631 2607 1879 2687 capiat.’'
1908 2641 1989 2652 -—
2016 2610 2293 2688 quasdam
2328 2608 2665 2668 seditionum

205 2705 564 2787 suspiciones.
607 2731 632 2760 n
647 2703 985 2765 Artificiosa
1015 2705 1387 2775 extenuati03
1417 2723 1539 2765 non
1561 2706 1723 2766 enim
1745 2714 1919 2767 erant
1942 2707 2337 2787 suspiciones:
2359 2707 2464 2768 sed
2487 2707 2661 2786 plane
2741 2760 2751 2767 .

206 2804 556 2872 seditioneS‚
599 2811 663 2862 et
697 2800 940 2879 quidem
975 2800 1563 2861 turbulentissimae''
1599 2800 1868 2862 Muretus
1889 2822 1942 2881 p.
1969 2804 2114 2872 54ος
2148 2804 2262 2865 »ad
2284 2803 2434 2864 illud
2456 2801 2662 2863 Setum

205 2901 362 2959 enim
397 2916 726 2976 numquam
761 2896 1090 2957 discessum
1125 2906 1217 2956 est
1254 2898 1368 2957 nisi
1406 2897 1468 2955 in
1505 2898 1635 2975 ipso
1669 2897 1837 2958 urbis
1872 2898 2179 2967 incendio,
2216 2911 2396 2979 atque
2433 2900 2495 2958 in
2531 2899 2661 2959 des-

204 2997 513 3075 peratione
551 2994 818 3054 omnium
861 2992 1122 3052 salutiS.''
1187 2991 1348 3052 Caes.
1389 2992 1464 3053 de
1499 2992 1559 3051 B.
1599 2992 1657 3052 C.
1692 2995 1729 3052 l.
1760 2995 1797 3053 l.
1827 3028 1908 3038 —
1936 2995 2153 3054 occisus
2180 3001 2263 3055 est
2292 3012 2421 3053 cum
2452 2992 2659 3062 liberis

205 3090 350 3153 Male
386 3090 503 3151 hoc
537 3090 624 3149 ita
663 3089 914 3158 dicitur-3
956 3089 1286 3149 liberorum
1327 3090 1568 3151 nomine
1612 3090 1774 3148 enim
1808 3107 1931 3149 non
1968 3090 2160 3150 solum
2195 3090 2304 3150 filii
2340 3089 2445 3149 sed
2480 3088 2663 3148 etiam

205 3186 387 3258 filiae,
429 3188 614 3247 immo
643 3193 704 3245 et
733 3194 986 3264 nepotes
1021 3194 1082 3244 et
1115 3195 1474 3264 pronepotes
1497 3186 1912 3246 continentur:
1944 3186 2122 3245 occisi
2154 3196 2355 3247 autem
2379 3193 2519 3245 sunt
2541 3184 2662 3243 duo

206 3282 310 3343 filii
353 3282 786 3343 adolescentuli
835 3279 937 3341 Cn.
983 3280 1131 3341 Phil.
1177 3281 1324 3342 VIII.
1374 3283 1428 3340 4.
1473 3281 1521 3362 S
1565 3282 1668 3341 14:
1717 3282 1909 3342 maior
1966 3301 2262 3361 pugnanS,
2311 3282 2509 3343 minor
2560 3280 2661 3359 qui

205 3378 436 3459 legatus
471 3388 602 3439 erat
627 3378 846 3437 missus
875 3377 949 3437 ad
981 3376 1306 3456 Opimium,
1349 3378 1424 3437 ad
1453 3378 1693 3437 ianuam
1725 3379 1995 3437 carceris.
2041 3376 2186 3437 Vell.
2220 3376 2343 3436 Pat.
2367 3375 2436 3435 II.
2462 3376 2513 3435 7.
2537 3374 2586 3454 5
2606 3376 2659 3433 2.

207 3475 272 3533 cs.
304 3475 452 3555 App.
483 3472 544 3533 B.
581 3470 641 3533 C.
665 3473 707 3533 I.
738 3475 832 3533 26.
876 3508 956 3517 -
999 3474 1180 3534 simili
1214 3475 1711 3534 senatusconsulto,
1756 3474 2081 3534 Historiam
2118 3475 2461 3534 consulatus
2492 3470 2663 3531 Marii

208 3579 264 3629 et
299 3570 521 3632 Valerii
556 3570 732 3629 multi
769 3570 1127 3649 attigerunt,
1171 3590 1426 3649 quorum
1463 3582 1665 3631 tamen
1702 3589 1879 3631 nemo
1913 3579 2205 3631 memorat
2242 3568 2448 3630 Sctum
2482 3568 2663 3635 illud,

209 3686 321 3744 quo
373 3667 661 3747 permissa
721 3676 814 3725 est
862 3664 1196 3743 respublica
1256 3667 1631 3735 consulibus,
1696 3667 1858 3746 quod
1903 3687 1935 3726 a
1988 3665 2214 3725 Senatu
2270 3665 2476 3724 datum
2531 3679 2662 3721 esse

208 3760 390 3823 Mario
423 3780 545 3822 non
575 3761 898 3822 verisimile
935 3770 1043 3819 est.
1077 3759 1222 3819 Vell.
1257 3760 1380 3821 Pat.
1418 3760 1487 3820 II.
1520 3763 1599 3821 12
1628 3762 1665 3821 s.
1700 3761 1844 3841 App.
1876 3760 1937 3820 B.
1976 3760 2034 3821 C.
2066 3760 2107 3819 I.
2140 3761 2235 3821 32.
2274 3759 2399 3819 Liv.
2430 3757 2533 3837 Ep.
2565 3759 2661 3819 69.

208 3856 356 3920 Plut.
395 3858 536 3919 Mar.
573 3858 666 3919 30.
703 3856 819 3916 Cic.
857 3875 966 3935 pro
993 3855 1135 3917 Rab.
1165 3855 1330 3936 perd.
1367 3875 1474 3916 reo
1511 3857 1563 3916 7.
1599 3857 1648 3937 5
1681 3859 1777 3918 20.
1810 3858 1968 3937 apud
2003 3876 2182 3936 quem
2217 3856 2413 3935 ipsum
2456 3852 2663 3913 Sctum

207 3953 455 4033 legitur:
499 3960 598 4013 »ut
631 3952 687 4013 C.
717 3952 942 4013 Marius
971 3952 1034 4013 L.
1071 3951 1336 4013 Valerius
1363 3953 1618 4014 consules
1653 3953 1987 4014 adhiberent
2020 3953 2277 4014 tribunos
2305 3952 2386 4031 pl.
2420 3958 2472 4012 et
2495 3969 2663 4030 prae-

211 4056 352 4113 tores
365 4100 381 4122 ,
430 4070 566 4133 quos
613 4050 690 4110 iis
737 4050 1045 4120 videretur,
1095 4068 1428 4129 operamque
1469 4050 1675 4109 darent
1724 4056 1786 4109 ul
1826 4049 2127 4128 imperium
2168 4048 2371 4130 populi
2422 4045 2667 4107 Romani

209 4148 578 4227 maiestasque
619 4152 1056 4209 conservaretur.
1141 4146 1448 4207 Adhibent
1493 4164 1699 4206 omnes
1742 4146 2015 4209 tribunos
2057 4149 2133 4227 pl.
2179 4155 2418 4226 praeter
2462 4142 2663 4202 Satur-

209 4242 445 4314 ninum,
487 4254 792 4323 praetores
834 4250 1074 4323 praeter
1115 4240 1446 4301 Glauciam:
1497 4243 1600 4319 qui
1643 4242 2071 4321 rempublicam
2113 4244 2335 4303 salvam
2378 4255 2507 4299 esse
2544 4237 2663 4299 vel-

211 4336 334 4398 lent
376 4359 540 4400 arma
596 4359 820 4421 capere.
851 4348 913 4399 et
956 4356 1020 4399 se
1063 4340 1231 4417 sequi
1275 4338 1538 4398 iubent.''
1624 4337 1765 4398 Tale
1811 4339 1955 4417 quid
1997 4337 2271 4398 consules
2306 4352 2427 4394 non
2470 4333 2665 4393 edice-

211 4428 354 4494 bant
387 4454 572 4513 quum
609 4435 748 4496 Scto
777 4436 882 4496 illo
915 4452 1068 4513 resp.
1107 4435 1180 4493 iis
1211 4438 1340 4494 erat
1375 4436 1693 4514 permissa,
1730 4436 1965 4514 saepius
2008 4451 2150 4493 vero
2179 4434 2375 4492 locum
2395 4422 2665 4490 'habebat

215 4545 394 4604 quum
430 4531 646 4610 aliquis
686 4532 878 4593 hostis
915 4541 1045 4591 erat
1083 4530 1410 4599 iudicatus,
1447 4540 1514 4592 ut
1552 4531 1625 4590 de
1666 4529 1991 4590 Saturnino
2026 4529 2211 4589 tradit
2241 4528 2602 4608 Appianusl.
2626 4525 2662 4584 l.

214 4625 305 4683 vel
340 4627 403 4687 in
439 4630 734 4697 tumultu,
776 4650 828 4690 v.
868 4648 914 4688 c.
953 4646 1138 4706 quum
1173 4626 1231 4686 C.
1271 4626 1580 4687 Cornelius
1613 4626 1811 4703 coiigit
1846 4623 2149 4685 consulem
2178 4626 2421 4685 mittere
2458 4642 2665 4685 vocem

217 4718 372 4783 illam
416 4720 670 4788 extremi
707 4742 774 4787 ae
809 4723 1142 4803 difficillimi
1180 4723 1494 4802 temporis:
1539 4722 1683 4800 »qui
1722 4738 1849 4783 rem
1888 4719 2239 4801 [publicam]
2278 4720 2501 4785 salvam
2536 4738 2665 4781 esse
