3375 5500
649 473 718 518 ῪΙ

659 683 834 739 mos,-
899 658 1206 726 utebatur
1257 658 1536 734 familia,
1583 657 1638 722 si
1685 654 1972 721 utilitate
2018 651 2439 718 iudicandum
2488 658 2628 718 erat
2640 701 2661 732 ,
2714 655 2961 740 optima
2976 703 2997 734 ,
3056 656 3112 724 si

659 783 868 846 forma
885 828 906 858 ,
947 779 1051 844 vix
1096 779 1408 846 mediocri
1453 776 1587 867 ²³),
1633 778 1834 842 immo
1876 781 1943 842 et
1986 773 2151 840 aluit
2186 774 2571 859 gladiatores
2610 775 2844 858 quibus
2888 798 3121 861 quaes-

661 911 806 968 tum
873 900 998 967 sibi
1067 903 1498 987 compararet,
1573 897 1810 982 quippe
1872 915 2037 980 quos
2111 895 2281 959 ludis
2342 893 2635 960 mercede
2700 893 2943 961 locaret
2998 901 3117 981 ²⁴).

657 1022 976 1090 Eamdem
1017 1023 1336 1090 rationem
1376 1018 1668 1084 servabat
1708 1018 1781 1082 in
1822 1017 2020 1082 servis
2075 1015 2353 1080 librariis
2410 1014 2649 1099 quibus
2694 1016 3002 1082 utebatur
3043 1017 3117 1079 in

663 1143 1048 1210 commercio
1118 1140 1430 1207 librorum
1502 1143 1646 1202 tum
1699 1137 2029 1203 Ciceronis
2085 1142 2229 1200 tum
2285 1135 2559 1200 aliorum
2610 1133 2701 1222 2⁵)
2723 1183 2746 1212 ,
2803 1157 2965 1220 quos
3033 1136 3121 1200 ad

664 1265 1043 1329 Ciceronem
1089 1260 1287 1327 etiam
1329 1257 1632 1325 mittebat
1650 1306 1670 1337 ,
1720 1256 1832 1342 qui
1868 1256 2045 1321 illius
2084 1255 2543 1322 bibliothecam
2590 1254 3005 1340 disponerent
3050 1264 3119 1322 et

658 1382 908 1468 sillybis
948 1381 1349 1446 illusum-ent
1392 1377 1484 1468 2Β)
1497 1429 1510 1442 .

751 1503 944 1567 Quae
1009 1519 1209 1584 quum
1273 1499 1369 1565 ita
1429 1498 1564 1564 sint
1623 1519 1759 1564 non
1822 1502 1923 1563 est
1968 1497 2336 1562 mirandum
2398 1518 2476 1562 eo
2529 1503 2825 1583 tempore
2874 1498 3122 1563 multos

666 1622 862 1687 libros
885 1618 1160 1704 supponi
1188 1617 1478 1705 potuisse
1500 1623 1567 1686 et
1591 1617 1960 1702 suppositos
1982 1637 2154 1694 esse,
2184 1637 2385 1702 quum
2408 1616 2605 1682 etiam
2632 1617 2762 1682 alia.
2788 1615 3125 1685 accederet

663 1761 853 1808 cansa
870 1787 892 1818 ,
934 1759 1164 1824 quam,
1212 1737 1433 1804 nescio
1481 1736 1598 1823 qui
1644 1737 1893 1803 factum
1940 1736 2062 1814 sit,
2116 1735 2476 1821 neglexisse
2525 1736 2827 1803 videntur
2872 1739 2985 1822 qui
3033 1740 3127 1808 de

661 1861 842 1927 libris
880 1858 1115 1944 spuriis
1151 1857 1566 1945 scripserunt.
1622 1857 1801 1922 Nam
1836 1877 2039 1941 quum
2065 1855 2216 1922 libri
2264 1875 2499 1940 magno
2541 1857 2751 1941 pretio
2790 1858 3124 1938 venirent,

660 1978 826 2044 lucri
852 1977 1072 2064 cupidi
1097 1975 1343 2042 falsarii
1371 1975 1506 2042 suis
1535 1975 1763 2061 opellis
1790 1974 2181 2041 nobilissimi
2208 1975 2522 2060 cuiusque
2550 1995 2792 2042 nomen
2813 1977 3123 2046 inscribe-

660 2100 820 2166 bant
833 2147 854 2178 ,
877 2120 1036 2184 quas
1057 2096 1266 2163 multa
1291 2095 1568 2181 pecunia
1591 2115 1711 2181 pro
1738 2093 2040 2180 genuinis
2053 2093 2349 2159 homines
2366 2094 2639 2160 litterati
2659 2103 2727 2162 et
2742 2097 3127 2183 plerumque

660 2240 796 2285 non
831 2217 1101 2284 litterati
1144 2215 1466 2282 emebant.
1525 2213 1729 2281 Quod
1771 2214 2017 2280 factum
2064 2233 2203 2278 esse
2233 2212 2523 2280 Galenus
2551 2211 2711 2281 dicit
2740 2215 2831 2306 ²⁷)
2882 2237 2961 2283 ex
2990 2240 3125 2303 quo

662 2339 1092 2406 bibliothecae
1109 2336 1411 2403 conditae
1428 2340 1642 2402 essent
1661 2333 1964 2419 Pergami
1987 2339 2055 2400 et
2068 2332 2505 2400 Alexandriae
2524 2357 2539 2398 ε
2569 2341 2727 2402 tunc
2756 2337 2931 2403 enim
2949 2343 3124 2403 vete-

661 2458 840 2524 ribus
864 2457 1046 2524 libris
1073 2455 1520 2542 comparandis
1537 2475 1720 2540 reges
1748 2475 1823 2520 se
1847 2460 2079 2519 mutuo
2105 2453 2359 2520 vincere
2384 2454 2823 2534 contendisse,
2849 2456 3126 2542 praemi-

662 2600 905 2665 umque
963 2598 1074 2644 eos
1128 2577 1414 2664 coepisse
1475 2595 1704 2661 capere
1762 2574 1875 2660 qui
1930 2574 2163 2641 veteris
2216 2573 2555 2640 cuiusdam
2606 2577 2933 2661 scriptoris
2981 2600 3124 2643 mo-

661 2704 976 2767 numenta
1027 2697 1158 2764 illis
1215 2695 1518 2765 offerrent
1563 2697 1678 2780 ²⁸).
1772 2693 1957 2761 Haec
2020 2693 2137 2761 ille
2203 2692 2464 2779 quidem
2519 2694 2603 2762 de
2657 2696 2916 2763 Graecis
2926 2721 2947 2776 ,-
3002 2697 3121 2763 sed

662 2820 888 2887 eadem
933 2817 1020 2884 de
1059 2817 1372 2883 Romanis
1413 2814 1628 2881 valere
1671 2834 1868 2881 nemo
1920 2814 2219 2899 negabit,
2273 2817 2651 2900 praesertim
2708 2816 2789 2884 de
2828 2822 3125 2903 tempore

663 2938 946 3024 Augusti
968 2936 1342 3022 'tiberiique
1387 2956 1588 3021 quum
1637 2935 1884 3021 primae
1922 2934 2355 3003 bibliothecae
2398 2944 2762 3005 exstructae
2804 2941 2959 3002 sunt
3004 2939 3127 3020 ²⁹).

718 3153 786 3222 25)
817 3157 948 3221 Nep.
986 3157 1097 3207 Att.
1142 3159 1220 3205 13.

715 3236 778 3304 2⁴)
815 3238 920 3290 Cic.
956 3240 1021 3289 ad
1055 3239 1168 3291 Att.
1205 3239 1310 3291 1v.
1350 3243 1451 3290 4b.
1491 3246 1588 3293 ea.

717 3320 782 3389 25)
818 3322 921 3374 Cic.
957 3324 1023 3373 ad
1059 3323 1168 3375 Att.
1204 3322 1360 3374 XIII.
1400 3329 1485 3376 21.
1527 3326 1558 3389 ς
1587 3329 1619 3374 4
1656 3340 1766 3390 sqq.

717 3407 856 3459 vido
899 3407 1005 3458 Iac·
1050 3407 1401 3470 Tunstallum,
1443 3410 1480 3461 1.
1515 3409 1553 3460 1.
1588 3409 1676 3475 qui
1721 3408 1847 3469 hacc
1892 3408 2152 3459 adscribit:
2202 3408 2361 3459 uhinc
2402 3424 2519 3459 cum
2564 3408 2742 3461 Cicero
2781 3410 3141 3462 Academicum

649 3491 993 3557 quaestionem
1027 3505 1095 3543 ex
1127 3494 1320 3545 duobus
1354 3492 1496 3545 libris
1529 3492 1822 3545 contulisset
1848 3492 1903 3542 in
1936 3498 2180 3557 quatuor:
2215 3492 2325 3552 Tu,
2353 3492 2542 3558 inquit,
2575 3493 2717 3545 illam
2743 3496 2985 3547 iacturam
3010 3496 3145 3547 feres

650 3590 811 3641 aequo
845 3576 1016 3628 animo
1027 3613 1042 3639 ‚
1077 3578 1213 3644 quod
1246 3578 1336 3628 illa
1369 3592 1499 3645 quae
1526 3577 1682 3627 habes
1716 3577 1780 3627 de
1815 3577 2133 3628 Academicis
2163 3577 2454 3643 [prioribus]
2490 3578 2671 3630 frustra
2702 3584 2946 3649 descripta
2978 3585 3079 3635 sint
3092 3587 3144 3645 ,⁹⁹

649 3659 806 3711 XIII.
850 3664 928 3713 18.
966 3662 997 3726 ξ
1038 3666 1082 3713 1.
1133 3660 1288 3713 Illam
1341 3676 1462 3715 voro
1507 3661 1751 3711 iacturam
1794 3661 2007 3713 minimo
2052 3676 2213 3727 aequo
2245 3662 2417 3713 animo
2450 3664 2623 3716 tulisse
2668 3667 2863 3718 videtur
2908 3667 3142 3730 Atticus3

647 3752 799 3811 atque
827 3745 947 3799 hinc
975 3746 1162 3799 factum
1191 3760 1296 3798 esse
1323 3747 1591 3797 arbitratur
1617 3745 1911 3797 Tunstallns
1924 3784 1940 3809 ,
1968 3754 2026 3798 ut
2058 3748 2137 3797 illi
2164 3748 2283 3799 libri
2309 3748 2377 3799 ab
2402 3748 2575 3801 Attico
2603 3760 2773 3817 postca
2798 3754 2854 3803 in
2882 3754 3145 3816 publicum

651 3833 949 3883 emanarint.
1019 3832 1098 3884 Cf.
1135 3831 1240 3883 Cic.
1275 3830 1342 3882 ad
1373 3830 1486 3881 Att.
1523 3826 1683 3879 XIII.
1726 3834 1806 3879 12.
1845 3830 1875 3894 ξ
1906 3836 1957 3880 2.
2010 3854 2035 3877 n
2051 3832 2377 3895 Ligarianam
2422 3834 2677 3899 praeclare
2721 3838 3015 3899 vendidisti,
3049 3841 3145 3890 tibi

653 3916 975 3979 praeconium
1027 3916 1301 3967 deferam.”
1369 3913 1508 3976 Quid
1556 3913 1685 3965 haec
1736 3914 2017 3978 significent
2066 3923 2272 3981 apparet
2305 3931 2371 3967 cx
2402 3931 2479 3982 ep.
2523 3922 2602 3968 19.
2636 3919 2664 3983 ᾗ
2698 3926 2728 3969 2
2742 3959 2759 3982 ,
2804 3912 2955 3972 htiins
2998 3923 3142 3973 libri:

663 4022 687 4044 u
705 4000 1059 4063 Ligarianam,
1094 4006 1152 4051 ut
1185 4000 1334 4049 video
1366 3998 1620 4063 praeclare
1653 4002 1921 4053 auctoritas
1955 4010 2042 4053 tua
2084 4003 2503 4055 commendavit-'¹’
2570 4004 2705 4055 Nam
2738 4006 2803 4056 de
2833 4006 2941 4071 ipsa
2972 4008 3145 4058 vendi·

654 4084 793 4134 tione
835 4082 962 4133 haec
993 4097 1098 4134 non
1139 4084 1429 4149 accipienda
1461 4085 1589 4136 mihi
1623 4086 1857 4138 videntur
1870 4125 1887 4149 ‚
1930 4095 1987 4139 ut
2028 4094 2169 4154 putat
2202 4086 2481 4140 Hulleman
2496 4126 2512 4151 ,
2544 4089 2757 4142 diatriba
2791 4092 2845 4142 in
2879 4090 3110 4141 Atticum
3123 4130 3139 4152 ,

654 4184 702 4233 p.
749 4171 863 4217 182.

727 4248 790 4317 26)
827 4250 932 4303 cie.
968 4252 1034 4302 aa
1067 4252 1179 4304 Aa.
1215 4254 1316 4305 zv,
1351 4260 1386 4305 4
1415 4256 1464 4307 b.
1501 4262 1553 4308 ot
1589 4261 1650 4319 5,
1684 4258 1750 4309 ef.
1786 4258 1905 4309 ibid.
1940 4257 2013 4308 11.
2050 4262 2095 4307 1.
2130 4258 2157 4323 §
2197 4262 2278 4308 ιε.

721 4331 785 4398 27)
819 4333 1042 4469 (ἰαὲὲιιιιε
1075 4338 1130 4389 in
1163 4336 1360 4391 Comm-
1391 4342 1457 4392 αἱ
1484 4340 1726 4408 Hippocr.
1753 4344 1818 4395 de
1846 4350 1949 4395 nat.
1981 4343 2173 4394 homin.
2205 4342 2329 4396 XV.
2356 4360 2406 4410 p.
2443 4350 2561 4397 105.
2590 4347 2667 4397 ed.
2697 4346 2875 4396 Kahn.
2909 4344 2990 4397 Cf.
3021 4346 3141 4395 ibid.

651 4434 702 4481 p.
748 4422 861 4467 109.
949 4420 1046 4471 VI.
1081 4438 1130 4489 p.
1171 4429 1220 4475 5.

721 4497 785 4567 28)
818 4502 930 4554 Iam
975 4512 1124 4559 antea
1167 4509 1316 4561 falsas
1349 4511 1693 4577 inscriptiones
1738 4512 1877 4563 libris
1910 4512 2168 4579 impositas
2204 4528 2311 4565 esse
2350 4491 2415 4567 de
2457 4515 2884 4567 Pisistratidarum
2919 4520 3142 4579 temporo

653 4586 918 4639 confirmat
951 4589 1013 4641 F.
1049 4592 1271 4657 Ritschl‚
1318 4597 1399 4647 cui
1445 4597 1580 4648 locos
1625 4598 1763 4649 laud.
1814 4597 1999 4650 Galcni
2044 4599 2231 4661 debe0‚
2278 4601 2507 4665 quamvis
2553 4600 2656 4652 alia
2698 4602 2764 4654 de
2798 4614 2948 4652 causa
2982 4600 3138 4651 ficret.

653 4672 792 4723 'Vide
825 4672 922 4727 Die
956 4675 1114 4730 Alex.
1149 4680 1391 4732 Biblioth.
1425 4696 1474 4746 p.
1513 4688 1596 4733 20.
1635 4700 1684 4734 n.

723 4753 788 4826 29)
820 4759 979 4817 Locos
1005 4764 1067 4819 (le
1100 4779 1159 4821 ea
1193 4780 1248 4821 re
1282 4765 1485 4833 collegit
1519 4766 1818 4823 Therbecke
1831 4806 1847 4834 ,
1882 4771 1945 4825 de
1982 4769 2166 4827 Asinio
2204 4770 2463 4833 Pollione,
2519 4785 2568 4834 p.
2605 4774 2669 4821 35
2707 4784 2811 4838 sqq.
2848 4770 2937 4837 qui
2968 4768 3137 4824 locum
