3375 5500
1826 415 1913 477 20

654 623 919 697 Romae
973 620 1390 717 relinqueres
1405 679 1426 709 ,
1494 643 1667 718 quos
1723 625 1955 696 tecum
2012 621 2338 695 educeres
2350 653 2368 708 3
2438 619 2857 718 descripsisti
2910 623 3113 698 urbis

653 758 883 850 partes
922 748 1014 826 ad
1047 748 1396 836 incendia3
1446 750 1866 824 confirmasti
1890 809 1910 839 ‚
1960 757 2031 824 te
2064 750 2297 850 ipsum
2350 750 2488 824 iam
2526 775 2675 824 esse
2712 751 3107 840 exiturum

655 879 892 954 dixisti
927 879 1290 978 paululum
1345 878 1471 952 tibi
1517 905 1666 953 esse
1713 881 1924 955 etiam
1963 905 2148 956 nunc
2194 904 2421 954 morae
2437 939 2456 967 ,
2512 879 2700 978 quod
2742 904 2872 978 ego
2922 879 3109 952 vive-

653 1033 823 1084 rem.
921 1009 1208 1107 Reperti
1270 1016 1436 1082 sunt
1488 1008 1630 1083 duo
1706 1010 1973 1108 equites
2036 991 2377 1097 Romani,
2445 1009 2567 1108 qui
2622 1016 2695 1082 te
2751 1007 2886 1081 ista
2940 1032 3115 1082 cura

653 1138 1022 1212 liberarent
1086 1143 1158 1210 et
1230 1161 1378 1211 sese
1445 1137 1564 1211 illa
1617 1136 1769 1237 ipsa
1830 1145 2031 1213 nocte
2088 1139 2321 1237 paullo
2373 1146 2533 1212 ante
2580 1137 2803 1211 lucem
2864 1159 2978 1210 me
3028 1135 3111 1210 in

657 1291 812 1340 meo
879 1265 1130 1341 lectulo
1191 1265 1668 1341 interfecturos
1733 1291 1881 1340 esse
1923 1267 2019 1359 ²⁹)
2093 1267 2595 1365 pollicerentur.
2718 1269 2831 1337 10.
2909 1261 3115 1337 Haeo

658 1419 788 1492 ego
853 1394 1082 1468 omnia
1103 1453 1123 1482 ‚
1193 1395 1480 1470 vixdum
1547 1393 1757 1468 etiam
1828 1402 2031 1470 coetu
2092 1402 2317 1470 vestro
2374 1395 2659 1468 dimisso
2680 1453 2699 1482 ,
2764 1392 3111 1492 comperi3

655 1523 944 1596 domum
1017 1547 1243 1598 meam
1321 1522 1699 1600 maioribus
1767 1523 2126 1623 praesidiis
2196 1524 2463 1598 munivi
2524 1531 2733 1622 atque
2803 1519 3078 1594 firmavi
3093 1553 3113 1607 ;

655 1649 916 1725 exclusi
979 1673 1096 1725 eos
1113 1708 1134 1738 ,
1207 1676 1382 1750 quos
1446 1659 1530 1727 tu
1594 1676 1798 1727 mane
1848 1655 1947 1746 ³⁰)
2014 1654 2107 1728 ad
2168 1678 2281 1728 me
2344 1654 2722 1729 salutatum
2781 1651 3073 1724 miseras
3093 1707 3115 1736 ,

658 1803 877 1877 quum
935 1778 1038 1853 illi
1098 1779 1234 1878 ipsi
1295 1781 1642 1855 venissent
1659 1840 1680 1869 ‚
1744 1805 1918 1881 quos
1992 1805 2124 1882 ego
2179 1782 2319 1857 iam
2384 1781 2624 1855 multis
2678 1806 2760 1855 ac
2814 1779 3117 1854 summis

656 1909 818 1982 viris
865 1908 956 1982 ad
1004 1932 1118 1981 me
1165 1907 1241 1982 id
1287 1910 1616 2008 temporis
1664 1918 1989 1985 venturos
2036 1933 2187 1986 esse
2236 1911 2725 2010 praedixeram.

751 2034 838 2108 V.
911 2037 1112 2112 Quae
1179 2060 1400 2133 quum
1455 2036 1554 2110 ita
1621 2037 1761 2110 sint
1777 2095 1797 2124 ‚
1867 2037 2201 2127 Catilina,
2272 2061 2483 2137 perge
2500 2096 2519 2126 ,
2592 2063 2733 2136 quo
2790 2036 3083 2136 coepisti
3097 2069 3120 2123 ;

654 2163 976 2262 egredere
1045 2162 1414 2262 aliquando
1481 2189 1569 2238 ex
1619 2164 1828 2254 urbe3
1891 2172 2133 2264 patent
2176 2173 2450 2266 portae3
2500 2169 2881 2265 profiscere.
2982 2165 3118 2238 Ni-

652 2291 876 2366 mium
922 2290 1046 2364 diu
1083 2299 1154 2364 te
1199 2290 1681 2390 imperatorem
1727 2300 1849 2368 tua
1890 2293 2009 2368 illa
2056 2294 2389 2369 Malliana
2427 2302 2649 2371 castra
2696 2295 3120 2371 desiderant.

650 2419 855 2494 Educ
916 2425 1148 2494 tecum
1212 2419 1422 2495 etiam
1486 2445 1728 2496 omnes
1789 2430 1945 2497 tuos
1962 2456 1982 2512 3
2034 2424 2097 2498 si
2148 2424 2382 2499 minus
2402 2484 2421 2514 ,
2476 2450 2685 2525 quam
2740 2423 3125 2524 plurimos;

654 2572 878 2648 purga
949 2547 1215 2624 urbem.
1315 2551 1582 2650 Magno
1649 2576 1765 2626 me
1830 2558 2028 2627 metu
2092 2553 2416 2630 liberabis
2436 2613 2455 2642 ,
2506 2554 2887 2628 dummodo
2932 2552 3126 2625 inter

655 2701 770 2753 me
842 2683 1052 2777 atque
1120 2685 1190 2752 te
1255 2703 1496 2755 murus
1544 2680 1837 2759 intersit.
1943 2681 2327 2759 Nobiscum
2377 2683 2625 2757 versari
2662 2683 2801 2756 iam
2842 2681 3123 2756 diutius

654 2831 796 2881 non
855 2814 1085 2906 potes3
1135 2832 1276 2883 non
1318 2809 1535 2884 feram
1560 2867 1581 2898 ‚
1631 2834 1773 2884 non
1813 2809 2075 2911 patiar,
2125 2836 2266 2886 non
2317 2812 2557 2887 sinam.
2663 2814 2775 2886 11.
2843 2812 3127 2909 Magna

657 2935 791 3011 diis
818 2936 918 3029 31)
970 2935 1476 3010 immortalibus
1515 2936 1835 3014 habenda
1875 2945 1981 3013 est
2016 2946 2225 3040 atque
2268 2940 2430 3014 huic
2470 2940 2603 3039 ipsi
2640 2940 2792 3013 Iovi
2828 2940 3129 3027 Statori,

654 3063 1136 3163 antiquissimo
1177 3066 1450 3140 custodi
1494 3066 1706 3141 huius
1742 3067 1936 3142 urbis
1956 3127 1977 3157 ,
2026 3069 2249 3169 gratia
2266 3128 2287 3159 ,
2333 3069 2522 3168 quod
2568 3069 2745 3161 hanc
2785 3076 2932 3145 tam
2973 3074 3126 3145 tae-

747 3190 812 3261 29)
847 3207 982 3257 esse,
1016 3196 1160 3247 omis.
1299 3192 1364 3262 ⁵⁰)
1397 3210 1548 3249 mane
1561 3235 1578 3258 ,
1611 3199 1761 3251 omis.
1898 3196 1962 3266 51)
1999 3200 2093 3251 dis.

649 3397 1068 3477 oppositioniS,
1099 3400 1266 3481 quod
1307 3420 1344 3460 a
1383 3398 1672 3461 Cicerone
1720 3401 1906 3463 etiam
1954 3401 2263 3462 interdum
2312 3414 2669 3483 usurpatum
2710 3421 2869 3471 esse,
2910 3409 3135 3461 notum

548 3520 550 3523 >
643 3501 754 3553 est.
837 3491 936 3554 Sic
977 3506 1333 3574 personatus
1373 3494 1582 3557 Cicero
1618 3495 1859 3575 scripsit
1900 3494 1949 3577 ὃ
1982 3496 2088 3555 2⁷:
2132 3497 2298 3557 exsul
2324 3498 2518 3575 potius
2558 3517 2732 3579 quam
2765 3497 2991 3567 consul,
3036 3507 3136 3557 et:

643 3607 761 3649 non
813 3589 1054 3652 emissus
1107 3609 1181 3653 ex
1219 3592 1391 3661 urbe,
1447 3591 1544 3651 sed
1585 3590 1878 3653 immissus
1919 3593 1984 3652 in
2024 3592 2245 3663 urbem,
2288 3594 2522 3654 similia.
2606 3594 2697 3655 Ex
2733 3596 2849 3656 alio
2893 3593 3137 3673 opposi-

646 3687 830 3750 tionis
869 3678 1097 3767 'genere
1139 3706 1262 3749 non
1301 3688 1506 3749 minus
1553 3686 1805 3758 festivo,
1846 3688 1964 3750 hoe
2010 3698 2133 3750 est:
2186 3710 2379 3770 »quos
2414 3692 2580 3754 ferro
2623 3692 2913 3754 trudicari
2956 3708 3137 3770 opor·

649 3782 848 3854 tebet,
891 3802 996 3845 eos
1030 3785 1300 3847 nondum
1336 3804 1482 3847 voce
1526 3786 1797 3847 vulnero.
1880 3822 1964 3833 --
1997 3787 2108 3847 illa
2142 3790 2345 3849 nocte:
2364 3790 2503 3850 vide
2538 3810 2735 3870 supra.
2817 3823 2899 3835 —
2930 3788 3136 3851 distri-

649 3876 822 3937 buisti
855 3886 1054 3955 partes
1093 3879 1317 3943 Italiae.
1401 3881 1488 3943 De
1531 3902 1603 3943 ea
1651 3883 2081 3962 distributione
2123 3886 2210 3945 nil
2252 3896 2463 3947 notum
2506 3896 2630 3956 est3
2674 3889 2881 3948 solum‘
2900 3886 3141 3964 legitur

652 3972 811 4053 apud
861 3972 976 4034 Cic.
1025 3995 1080 4055 p.
1119 3975 1284 4056 Sylla
1328 3980 1422 4039 19.
1468 3978 1516 4060 S
1552 3980 1661 4049 53,
1704 3980 2003 4041 Autronio
2044 3999 2175 4041 esse
2223 3984 2658 4063 praescriptum
2708 3992 2778 4043 ut
2820 3980 3137 4042 Etruriam

577 4088 581 4092 ·
655 4079 990 4146 occuparet.
1081 4105 1163 4117 —
1216 4072 1282 4133 in
1335 4090 1457 4133 meo
1515 4073 1733 4135 lectulo.
1818 4073 1916 4136 Sic
1973 4076 2210 4158 Madvig
2265 4079 2505 4159 aliique.
2590 4079 2830 4142 Halmio·
2882 4079 2958 4139 de
3013 4076 3138 4137 hac

650 4165 934 4227 lectione.
961 4182 1086 4228 non
1141 4178 1419 4230 constare
1475 4170 1749 4241 videtur;
1792 4192 1933 4233 nam
1977 4175 2041 4234 in
2085 4175 2178 4235 ed.
2223 4174 2379 4258 Lips.
2424 4177 2594 4241 dedit
2640 4179 2778 4239 lecto
2818 4186 2951 4237 tum
2990 4172 3057 4232 h.
3098 4174 3137 4231 l.

649 4269 782 4323 tum
823 4260 873 4343 S
915 4265 992 4324 52
1036 4262 1197 4327 Orat.
1240 4286 1296 4347 p.
1341 4264 1522 4347 Syll„
1563 4286 1640 4328 ex
1681 4288 1801 4348 qua
1844 4268 2005 4330 Orat.
2049 4270 2151 4333 hie
2191 4272 2359 4333 locus
2400 4292 2718 4355 expressus
2760 4280 2885 4340 est;
2926 4269 2991 4330 in
3035 4268 3137 4328 ed.

648 4357 720 4417 2·
762 4356 906 4438 Opp.
953 4360 1068 4421 Cic.
1111 4362 1176 4424 in
1217 4373 1480 4445 utroque
1520 4366 1653 4427 loco
1697 4366 1867 4429 dedit
1912 4368 2129 4431 lectulo,

741 4452 898 4525 Quae
929 4476 1102 4535 quum
1134 4459 1220 4521 ita
1254 4461 1371 4521 sint
1402 4496 1564 4508 --—
1596 4462 1947 4542 reipublicae
1980 4484 2099 4525 esse
2133 4466 2505 4527 coniunctam.
2588 4501 2670 4512 —-
2704 4472 2804 4527 tua
2836 4462 2949 4523 illa
2980 4458 3136 4520 Mal·

624 4546 819 4615 vliana
873 4558 1081 4614 castra.
1163 4554 1387 4618 Melius<
1431 4567 1592 4619 esset
1649 4564 1752 4619 tua
1809 4560 2107 4621 omittere.
2191 4595 2272 4608 -—-
2318 4580 2434 4621 non
2480 4563 2696 4639 feram,
2750 4578 2867 4621 mm
2900 4555 3135 4637 patiar,

651 4660 769 4704 non
821 4646 1023 4709 sinam.
1107 4648 1378 4713 Ridicule
1434 4652 1585 4716 haee
1638 4656 1726 4715 ita
1783 4657 2199 4727 cmnulantur,
2254 4676 2453 4738 neque
2510 4678 2665 4739 quae
2715 4655 2993 4738 gradatio
3030 4651 3138 4713 his

651 4739 848 4803 inesse
883 4746 1101 4825 possit,
1136 4748 1427 4829 intelligo.
1489 4785 1570 4797 -—
1602 4768 1817 4831 maqna
1851 4752 1967 4814 diis
1988 4754 2404 4817 ivnmortalibus
2426 4754 2689 4816 habenda
2712 4760 2794 4815 est
2813 4788 2893 4799 -
2912 4750 3133 4831 qratia.
