3375 5500
1489 377 1571 437 35

211 625 214 628 ·
299 581 388 655 ad
419 587 574 653 tuos
606 603 754 652 esse
783 578 879 670 ⁵⁵)
916 579 1225 653 videaris.
1311 583 1424 652 24.
1480 582 1929 679 Quamquam
1961 581 2132 678 quid
2170 607 2298 680 ego
2326 591 2394 658 te
2421 584 2706 663 invitem
2727 649 2745 676 ‚

295 737 334 783 a
374 733 515 806 quo
546 708 684 780 iam
723 707 932 781 sciam
973 733 1120 780 esse
1158 708 1566 805 praemissos
1590 767 1607 795 ,
1661 709 1783 806 qui
1812 707 1944 781 tibi
1973 709 2064 782 ad
2100 711 2355 784 Forum
2386 715 2749 791 Aurelium

293 834 867 934 praestolarentur
903 834 1196 908 armati?
1253 835 1366 908 cui
1405 836 1617 908 seiam
1657 845 1932 933 pactam
1978 843 2047 908 et
2086 839 2531 914 constitutam
2584 868 2745 918 cum

291 947 531 1037 Mallio
601 963 832 1036 diem?
899 987 942 1036 a
1005 987 1143 1060 quo
1201 963 1410 1036 etiam
1463 963 1764 1061 aquilam
1807 965 1995 1038 illam
2045 972 2438 1062 argenteam
2459 1027 2478 1054 ‚
2531 994 2742 1066 quam

288 1093 420 1166 tibi
463 1118 540 1166 ac
581 1092 722 1165 tuis
769 1091 1093 1165 omnibus
1139 1092 1589 1190 perniciosam
1631 1119 1779 1166 esse
1818 1094 1914 1182 ⁵⁶)
1960 1093 2231 1166 confido
2278 1119 2355 1167 ac
2394 1095 2744 1172 funestam

287 1220 594 1294 futuram
631 1221 729 1310 5⁷)
754 1279 773 1307 ‚
840 1221 955 1294 cui
1021 1221 1210 1293 domi
1252 1230 1413 1294 tuae
1461 1222 1831 1295 sacrarium
1880 1222 2212 1294 scelerum
2258 1229 2539 1297 tuorum
2579 1249 2738 1299 con-

290 1348 613 1422 stitutum
685 1328 889 1434 suits
929 1347 1139 1421 sciam
1207 1373 1355 1421 esse
1425 1349 1924 1446 praemissam?
2024 1351 2133 1423 Tu
2199 1358 2280 1423 ut
2337 1351 2453 1424 illa
2518 1377 2745 1428 carere

292 1476 554 1548 diutius
587 1475 840 1572 possm,
892 1501 1103 1573 quam
1147 1477 1449 1548 venerari
1490 1477 1581 1550 ad
1626 1477 1909 1550 caedem
1952 1477 2386 1574 proficiscens
2437 1479 2741 1569 soleba5‚

288 1631 330 1678 a
396 1604 592 1678 cuius
660 1603 991 1678 altaribus
1058 1628 1258 1702 saepe
1328 1604 1534 1678 istam
1599 1605 1885 1702 impiam
1942 1605 2295 1678 dexteram
2354 1606 2444 1678 ad
2507 1631 2742 1682 necem

378 1781 440 1850 ⁵⁵)
473 1785 586 1836 isse.
724 1781 784 1852 ⁵⁶)
820 1799 928 1838 esse
960 1786 1100 1836 omia.
1245 1783 1306 1850 ⁵7)
1340 1787 1535 1856 confido
1570 1787 1901 1850 perniciosam
1936 1803 1995 1836 ac
2030 1787 2279 1836 funestam
2314 1787 2546 1838 futuram.

281 2189 537 2248 rendum
594 2206 783 2266 aeque
842 2196 934 2248 est
991 2187 1066 2246 ad
1123 2185 1427 2252 invitatus,
1486 2186 1648 2264 quod
1706 2185 2019 2244 ridiculam
2079 2196 2319 2264 pareret
2376 2193 2753 2252 sententiam.

279 2319 359 2328 -
391 2284 469 2342 acl
498 2283 732 2342 alienos.
791 2280 996 2342 Cicero
1034 2281 1350 2342 Catilinam
1382 2282 1459 2340 acl
1488 2282 1770 2342 nemiuem
1792 2281 1950 2346 eiecit
1981 2281 2051 2361 (si
2083 2283 2197 2342 hoc
2235 2285 2317 2342 ita
2354 2282 2472 2344 dici
2509 2287 2753 2368 potest);

270 2380 448 2437 licuit
491 2379 580 2446 ei,
631 2397 750 2457 quo
807 2378 1020 2445 vellet,
1063 2377 1260 2445 abire;
1304 2396 1464 2436 voce.
1509 2377 1586 2435 ad
1630 2377 1849 2436 alienos
1882 2377 1995 2436 hac
2035 2378 2109 2438 de
2148 2397 2324 2438 causa
2374 2381 2569 2442 solum
2612 2394 2755 2443 sunt

282 2474 577 2552 adscripta
635 2493 666 2532 a
719 2472 990 2540 rhetore,
1051 2482 1120 2531 ut
1173 2473 1469 2551 oppositio
1528 2482 1686 2532 esset
1748 2473 2071 2532 efficacior:
2130 2473 2333 2533 electus
2384 2476 2461 2534 acl
2510 2477 2755 2546 alienos,

284 2604 366 2613 -—
410 2568 677 2628 invitatus
717 2569 795 2628 ad
837 2568 1013 2629 lu03.'’
1097 2568 1501 2629 Vehementer
1543 2568 1757 2628 dubito
1800 2569 2066 2649 possitne
2104 2568 2373 2630 defendi:
2421 2561 2751 2634 »invitatus

286 2684 416 2724 esse
458 2665 532 2724 ad
576 2663 767 2723 tuOS.”

370 2762 752 2833 Quamobrem*
789 2760 926 2840 quid
976 2780 1074 2837 690
1123 2767 1176 2820 te
1216 2760 1445 2821 invitem
1773 2762 1851 2820 acl
1894 2778 2083 2821 necem
2132 2762 2337 2822 civium
2387 2764 2750 2826 transtulisti.

279 2894 360 2901 —
394 2858 920 2936 praestolarentur:
964 2856 1286 2916 dicendum
1330 2858 1571 2916 suisset:
1597 2858 2036 2935 praestolentur.
2120 2892 2202 2903 —-
2243 2859 2567 2919 sacrarium
2589 2861 2752 2919 scele-

279 2975 408 3015 rum
451 2962 689 3014 tuorum.
775 2952 1112 3013 Sacrarium
1158 2963 1250 3013 est
1294 2955 1462 3013 locus
1505 2955 1568 3013 in
1607 2973 1728 3033 quo
1768 2973 1969 3014 sacrae
2006 2973 2104 3013 res
2146 2965 2549 3033 reponuntur,
2592 2957 2755 3033 quod

279 3054 461 3111 etiam
505 3053 567 3111 in
603 3050 876 3111 aedificio
912 3051 1145 3130 privato
1182 3069 1312 3110 esse
1343 3060 1572 3130 potest,
1604 3061 1672 3110 ut
1704 3050 1995 3110 definitur
2032 3050 2107 3109 ab
2131 3049 2383 3129 Ulpiano
2406 3051 2441 3109 l.
2467 3053 2503 3109 9
2526 3050 2589 3131 §-
2613 3052 2668 3109 2.
2692 3050 2753 3109 ff.

278 3150 351 3209 de
382 3150 503 3210 div.
549 3167 662 3208 rer.
709 3156 771 3207 et
814 3147 1021 3225 qualit.
1067 3144 1128 3226 (I.
1175 3148 1275 3229 8.);
1320 3148 1382 3205 in
1428 3165 1548 3225 quo
1591 3148 1727 3206 loco
1769 3152 2124 3224 reponuntur
2159 3165 2319 3206 nune
2353 3156 2516 3207 recte
2553 3147 2756 3208 editur

278 3266 464 3325 quum
503 3266 566 3305 re
601 3245 678 3304 ob
699 3243 1064 3324 praecedens
1087 3262 1180 3302 res
1202 3244 1264 3302 in
1285 3244 1494 3303 multis
1515 3244 1684 3303 libris
1709 3245 1986 3313 evanuit3
2012 3244 2094 3303 sic
2118 3244 2331 3303 eodem
2351 3242 2530 3303 modo
2553 3262 2751 3321 praep.

270 3362 380 3421 pro
444 3341 668 3401 excidit
732 3349 872 3399 ante
911 3338 1191 3417 pretium,
1236 3340 1298 3397 in
1341 3338 1435 3397 his
1471 3340 1672 3399 verbis
1716 3338 2069 3398 Callistrati:
2116 3340 2261 3399 »sed
2304 3338 2751 3398 defendendum

277 3448 403 3507 est,
443 3436 607 3497 hune
637 3436 910 3496 conferre
948 3435 1170 3495 debere
1207 3434 1352 3516 (pro)
1391 3437 1587 3515 pretio
1624 3437 1929 3515 praesenti
1965 3454 2171 3495 rerum
2207 3437 2269 3495 in
2305 3435 2419 3512 leg.
2451 3435 2505 3493 4.
2537 3434 2661 3515 §2
2691 3433 2751 3492 ff.

278 3536 352 3593 de
399 3534 514 3613 leg.
565 3532 798 3593 Rhodia
849 3534 924 3593 de
972 3534 1135 3593 iactu
1179 3531 1344 3613 (XIV.
1382 3532 1440 3613 2)
1475 3542 1536 3591 et
1581 3532 1854 3592 Ciceroni
1899 3532 2276 3592 restituenda
2328 3540 2418 3589 est
2462 3530 2754 3609 particula

277 3648 356 3689 au
399 3640 541 3690 ante
593 3629 795 3696 anuis,
847 3630 910 3688 in
961 3628 1065 3707 Ep.
1117 3628 1192 3687 ad
1249 3630 1371 3687 Att.
1430 3627 1579 3687 XIII.
1627 3629 1720 3687 32.
1758 3628 1807 3707 5
1844 3628 1909 3686 3:
1972 3626 2106 3685 »Au
2149 3628 2321 3685 annis
2364 3624 2527 3683 XIIII
2577 3634 2749 3693 ante,

277 3746 458 3805 quam
503 3736 743 3806 praetor
785 3726 978 3785 factus
1029 3734 1148 3791 est,
1200 3725 1436 3802 legatus
1489 3743 1619 3783 esse
1674 3725 1970 3803 potuisset
1988 3722 2046 3781 ?'’
2140 3720 2479 3780 Sacrarium
2536 3722 2748 3801 igitur,

279 3831 344 3880 ut
381 3840 455 3881 eo
491 3832 898 3902 revertamur,
940 3822 1138 3901 potuit
1181 3820 1434 3879 Catilina
1479 3820 1640 3877 domi
1675 3819 1932 3885 habere;
1976 3818 2084 3878 sed
2122 3816 2445 3877 sacrarium
2480 3816 2753 3875 scelerum

277 3936 400 3976 non
443 3919 656 3996 potuit.
743 3916 892 3978 Vide
937 3918 1241 3999 egregiam
1279 3915 1555 3983 sacrarii,
1593 3916 1756 3993 quod
1781 3914 1938 3993 apud
1962 3913 2180 3973 Heium
2204 3924 2366 3983 erat,
2402 3913 2751 3992 descriptio-

278 4033 417 4073 nem
463 4016 619 4093 apud
663 4014 778 4075 Cic.
817 4017 880 4075 in
919 4014 1083 4075 Verr.
1110 4014 1178 4075 II.
1201 4014 1294 4074 IV.
1321 4016 1375 4073 2.
1412 4013 1520 4093 §4
1543 4032 1668 4090 sqq.
1756 4011 1971 4071 Totum
1993 4011 2156 4070 hunc
2178 4013 2408 4079 locum,
2451 4011 2525 4069 de
2550 4010 2748 4088 aquila

275 4128 310 4167 a
348 4108 602 4169 Catilina
634 4112 732 4170 dei
762 4112 894 4172 loco
914 4112 1153 4181 habita,
1195 4111 1760 4191 praetermisissem,
1805 4110 1965 4187 quod
2003 4128 2109 4189 per
2146 4128 2209 4168 se
2246 4110 2321 4169 ab
2356 4126 2748 4186 unoquoque,

281 4215 346 4264 ut
393 4207 636 4285 opinor,
681 4207 1032 4277 damnatur,
1073 4211 1189 4269 nisi
1226 4209 1406 4269 etiam
1429 4206 1720 4267 nonnulla
1743 4208 2011 4266 inessent
2034 4207 2177 4265 satis
2202 4206 2413 4283 digna,
2444 4221 2597 4281 quae
2622 4202 2745 4268 ani-

277 4302 820 4365 madverterentur.
905 4305 995 4364 Ex
1043 4285 1302 4385 quorum
1351 4323 1604 4364 numero
1657 4314 1749 4363 est
1798 4304 1977 4362 illud:
2032 4329 2055 4355 ιι
2075 4302 2456 4381 proficiscens
2500 4300 2574 4359 ad
2618 4318 2746 4359 cae-

279 4398 482 4467 dem,”
527 4400 602 4459 ad
637 4422 816 4479 quam
868 4422 1042 4462 nemo
1087 4402 1381 4482 proficisci
1425 4403 1543 4461 dici
1587 4411 1813 4481 potest:
1870 4418 2009 4460 nam
2053 4397 2487 4478 proficiscimur
2530 4395 2604 4455 ad
2642 4396 2744 4453 ali-

279 4514 458 4572 quem
499 4496 729 4566 locum‚
771 4518 893 4559 non
936 4499 1011 4559 ad
1055 4498 1314 4558 caedem.
1400 4496 1491 4555 Ex
1526 4498 1739 4558 eodem
1774 4514 1996 4575 genere
2042 4506 2132 4555 est
2174 4494 2323 4553 haec
2364 4489 2743 4569 metaphora:

281 4614 305 4641 »
325 4607 364 4649 a
403 4592 565 4652 cuius
607 4594 892 4653 altaribus
941 4612 1107 4673 saepe
1147 4592 1318 4651 istam
1367 4592 1602 4670 impiam
1650 4593 1915 4652 dextram
1956 4590 2033 4649 ad
2074 4607 2261 4649 ueeem
2311 4585 2515 4645 civium
2557 4590 2742 4643 traus-

281 4686 512 4748 tulisti?
555 4710 740 4767 quae,
778 4690 923 4768 quid
960 4687 1298 4769 significare
1329 4688 1619 4754 debeant,
1662 4688 1758 4747 vel
1795 4687 2056 4767 possint,
2100 4705 2221 4745 non
2256 4682 2439 4762 capio.
