3375 5500
1441 387 1526 448 45

251 598 418 671 haec
488 601 630 668 tam
699 592 939 666 adulta
999 591 1414 691 reipublicae
1479 593 1688 690 pestis
1707 651 1725 679 ‚
1801 619 2038 668 verum
2098 595 2307 670 etiam
2371 597 2575 696 stirps
2630 625 2708 674 ac

253 747 486 798 semen
557 723 894 796 malorum
963 721 1295 797 omnium.
1399 721 1608 797 XIII.
1681 725 1797 797 31.
1870 724 2150 798 Etenim
2211 725 2476 801 iamdiu
2494 784 2515 818 ,
2589 753 2707 827 pa·

252 860 390 926 tres
455 850 821 949 conscripti
841 909 860 938 ,
928 850 1000 923 in
1065 849 1174 923 his
1223 850 1540 949 periculis
1586 850 2075 926 coniurationis
2113 853 2522 953 insidiisque
2565 881 2709 930 ver-

249 1242 467 1322 quibus
503 1250 572 1302 ut
595 1259 671 1301 ex
707 1242 982 1321 exemplo
1019 1243 1202 1302 allato
1238 1253 1582 1322 appareret,
1624 1242 1953 1322 naufragus
1974 1253 2037 1303 et
2058 1243 2439 1324 naufragium
2455 1244 2505 1306 si
2528 1254 2719 1306 trans-

247 1341 365 1400 late
423 1347 767 1418 ponuntur,
823 1354 946 1398 non
994 1337 1158 1400 nude
1214 1339 1356 1417 poni
1413 1338 1519 1400 sed
1570 1337 1857 1400 adiuncto
1911 1339 2197 1418 genitive.
2292 1374 2374 1385 ——
2416 1338 2557 1400 haec
2604 1347 2723 1401 tam

247 1433 453 1494 adulta
479 1430 830 1512 reipublicae
853 1430 1043 1510 pest-is.
1102 1430 1460 1492 Adolescere
1491 1433 1791 1512 significat
1820 1435 2089 1516 proprie:
2119 1454 2419 1505 crescere,
2448 1439 2657 1516 augeri
2668 1436 2720 1506 ;'’

245 1529 602 1609 praesertim
657 1528 733 1587 de
791 1526 1198 1589 animantibus
1255 1537 1316 1588 et
1372 1529 1609 1608 plantis,
1702 1527 1810 1589 Est
1867 1531 2080 1590 etiam:
2122 1531 2525 1611 potentiorem
2568 1531 2719 1594 fieri.

249 1627 563 1698 Quomodo
604 1635 810 1686 tamen
851 1623 1038 1703 pestis
1081 1630 1200 1684 tam
1240 1623 1444 1684 adulta
1485 1625 1606 1686 dici
1640 1634 1873 1703 potest,
1915 1644 1991 1684 ex
2034 1624 2337 1689 Ciceronis
2380 1647 2495 1689 usu
2543 1647 2721 1690 nemo

247 1726 420 1787 facile
467 1721 772 1784 indicabit.
857 1719 1205 1782 Coniuratio
1261 1720 1484 1782 dicitur
1526 1721 1734 1784 adulta
1790 1720 1950 1801 apud
1994 1720 2296 1792 Tacitum,
2339 1725 2440 1803 qui
2482 1727 2722 1805 saepius

249 1820 538 1880 translate
601 1826 853 1896 usurpat
914 1814 1030 1876 hoe
1085 1816 1470 1886 vocabulum3
1535 1827 1850 1878 »ceterum
1906 1828 2181 1900 coeptam
2229 1818 2615 1898 adultamque
2658 1831 2721 1882 et

248 1917 538 1977 revictam
585 1912 1063 1974 coniurationem
1122 1931 1318 1990 neque
1377 1922 1522 1972 tunc
1573 1912 1967 1974 dubitavere”
2018 1921 2158 1973 cett.
2244 1912 2419 1994 Apud
2462 1916 2723 1976 eundem

249 2013 394 2074 vitia
436 2010 672 2078 adulta,
715 2006 1074 2068 seditionem
1127 2008 1394 2070 adultam
1438 2010 1589 2088 legi;
1639 2015 1855 2087 pestem
1907 2009 2171 2070 adultam
2210 2029 2357 2071 vero
2396 2029 2722 2090 nunquam.

250 2143 328 2154 --
369 2107 546 2186 stirps
594 2121 664 2164 ae
709 2123 896 2165 semen
937 2105 1223 2164 malorum
1277 2105 1542 2164 omnium.
1629 2104 1893 2185 Stirpem
1949 2106 2082 2165 tolli
2125 2124 2297 2184 posse
2342 2116 2404 2167 et
2448 2107 2722 2186 extingui

251 2224 370 2266 non
407 2214 501 2266 est
539 2203 703 2283 quod
737 2201 1115 2270 dubitemus;
1153 2200 1442 2279 eoestinqui
1475 2219 1604 2260 vero
1639 2207 1692 2261 et
1726 2201 1907 2260 deleri
1938 2220 2125 2262 semen
2160 2201 2410 2262 omnium
2438 2203 2725 2264 malorum

253 2322 286 2362 a
326 2301 494 2362 nullo
535 2317 802 2378 unquam
843 2297 967 2358 fiet.

332 2493 465 2556 Non
506 2502 600 2558 est
636 2489 1242 2570 praetermittendum
1278 2490 1602 2550 discrimen
1637 2490 1801 2568 quod
1842 2490 2167 2551 intercedit
2202 2490 2363 2550 inter
2398 2491 2723 2569 peroratio-

253 2610 393 2652 nem
433 2589 616 2650 huius
669 2585 958 2646 orationis
1009 2596 1072 2646 et
1123 2585 1464 2646 orationum
1515 2605 1549 2645 a
1608 2586 1897 2647 Cicerone
1950 2586 2311 2647 habitarum.
2374 2583 2725 2647 Ciceronem

251 2687 414 2748 enim
463 2683 724 2746 multum
779 2681 1038 2742 valuisse
1103 2681 1591 2761 perorationibus
1654 2683 1999 2742 luculenter
2060 2682 2508 2752 demonstrant,
2568 2701 2724 2761 quae

249 2790 578 2863 supersunt
615 2779 780 2841 illius
835 2778 1155 2839 orationes,
1253 2777 1406 2839 Eum
1443 2780 1578 2857 plus
1633 2780 1893 2841 valuisse
1951 2798 2130 2858 quam
2182 2780 2463 2858 aequales
2504 2780 2569 2841 in
2609 2779 2725 2841 hoc

249 2878 492 2945 dicendi
533 2893 756 2956 genere
799 2882 1047 2953 apparet
1091 2883 1221 2935 tum
1263 2874 1428 2952 quod
1468 2876 1539 2943 ii,
1582 2876 1685 2954 qui
1730 2894 1867 2935 cum
1904 2874 2190 2937 Cicerone
2233 2894 2406 2937 reum
2438 2876 2723 2937 defende-

246 2984 416 3043 rent,
461 2972 728 3037 solerent
769 2972 825 3031 ei
869 2970 1190 3050 perorandi
1232 2971 1434 3031 locum
1473 2972 1819 3050 relinquere
1836 3018 1851 3041 ‚
1894 2983 1963 3031 ut
2008 2972 2229 3032 Brutus
2271 2973 2335 3032 in
2372 2971 2725 3033 suavissimo

245 3086 308 3138 et
351 3072 676 3135 utilissimo
725 3067 996 3148 dialogo,
1047 3086 1157 3128 suo
1213 3069 1457 3129 nomine
1507 3069 1824 3147 inscripto,
1875 3068 2051 3128 dicit:
2108 3094 2134 3122 1»
2154 3068 2269 3137 Qui
2325 3065 2725 3149 (Hortensius)

247 3188 438 3252 quum
493 3166 825 3247 partiretur
880 3174 1082 3228 tecum
1138 3184 1346 3225 causas
1383 3163 1580 3246 (saepe
1617 3165 1781 3224 enim
1823 3163 2095 3246 interfui)
2132 3164 2453 3244 perorandi
2494 3163 2725 3233 locum,

244 3267 346 3329 uhi
403 3263 726 3345 plurimum
775 3260 952 3339 pollet
1007 3261 1216 3330 cratia,
1281 3280 1519 3341 semper
1578 3260 1693 3321 tibi
1754 3260 2155 3339 relinquebat.
2232 3258 2349 3321 Cic.
2402 3259 2570 3323 Brut.
2628 3261 2722 3321 51.

247 3366 295 3447 ὃ
339 3364 494 3432 ’190;
543 3369 676 3421 tum
725 3357 889 3435 quod
939 3355 1284 3419 Laterensis
1334 3357 1449 3417 hoe
1499 3357 1724 3419 dixerit
1774 3357 1839 3417 in
1888 3356 2268 3425 Ciceronem,
2318 3375 2458 3417 eum
2498 3354 2724 3415 ideirco

245 3462 386 3540 lege
450 3477 557 3519 sua
619 3456 832 3516 exsilio
895 3454 1126 3515 ambitu
1195 3456 1497 3523 sanxisse,
1552 3465 1622 3515 ut
1673 3454 2143 3514 miserabiliores
2200 3454 2465 3532 epilogos
2520 3451 2723 3511 dicere

246 3565 470 3638 posset.
517 3552 743 3624 Quodsi
780 3550 988 3611 Cicero
1022 3570 1236 3611 revera
1264 3550 1420 3611 hane
1456 3552 1793 3611 orationem
1822 3550 2165 3617 habuisset,
2201 3560 2337 3628 post
2357 3549 2726 3610 calamistros

245 3662 309 3714 et
347 3650 610 3711 tinnitus
645 3646 863 3725 quibus
890 3646 1040 3707 haec
1069 3648 1610 3707 declamatiuncula
1645 3648 1871 3707 referta
1906 3656 2031 3714 est,
2068 3645 2249 3705 aliam
2282 3645 2723 3725 perorationem

245 3753 300 3811 is
345 3749 630 3814 dixisset,
671 3745 774 3822 qui
831 3754 965 3824 post
1017 3745 1215 3805 omnia
1265 3746 1710 3823 perorationem
1765 3742 2272 3808 inflammantem,
2312 3740 2722 3820 restringuen-

247 3856 378 3907 tem
419 3842 778 3907 concludere
820 3841 1192 3921 praeceperit
1235 3838 1394 3900 Orat.
1439 3840 1533 3899 34.
1577 3839 1626 3919 5
1668 3841 1803 3899 122.
1890 3837 2106 3897 Totum
2150 3838 2313 3897 enim
2354 3845 2536 3915 eaput
2581 3835 2721 3895 ulti-

245 3959 424 4001 mum
468 3940 748 4018 languet3
803 3938 879 3997 ad
936 3936 1283 4007 Catilinam,
1336 3937 1608 4016 quamvis
1663 3938 1729 3996 in
1784 3954 1926 3995 eum
1980 3934 2177 3996 oratio
2229 3932 2527 3993 habeatur
2568 3930 2723 3991 nihil

249 4035 410 4097 dixit
471 4043 677 4095 orator
725 4034 842 4092 nisi
891 4032 1073 4094 haec:
1136 4034 1313 4095 Hisce
1373 4033 1675 4093 ominibus
1733 4031 2020 4099 Catilina,
2074 4062 2156 4075 —-
2210 4031 2588 4109 proficiscere
2644 4028 2722 4089 ad

250 4130 563 4211 imprium.
593 4128 820 4189 bellum
877 4146 950 4187 ac
987 4128 1302 4189 nefarium.
1389 4128 1869 4189 praemittuntur
1908 4144 2097 4207 pauca
2145 4126 2220 4185 ad
2262 4136 2604 4194 senatores,
2646 4124 2721 4184 ad

252 4244 404 4303 quos
461 4225 528 4285 in
582 4222 778 4283 tribus
827 4223 1125 4302 capitibus
1189 4225 1600 4305 superioribus
1657 4225 1947 4283 continuo
2002 4222 2185 4283 verba
2242 4222 2416 4291 fecit,
2472 4228 2722 4298 excepta

252 4321 487 4401 patriae
537 4318 916 4398 querimonia
955 4318 1032 4379 de
1076 4318 1390 4391 Cicerone,
1431 4323 1518 4381 ita
1567 4330 1638 4383 ut
1680 4319 1913 4381 diceres
1956 4336 2079 4378 non
2120 4316 2412 4380 Catilinae
2454 4315 2563 4379 sed
2618 4313 2720 4375 Se-

252 4424 536 4479 natm-mi
579 4433 758 4477 causa
797 4414 948 4476 haec
989 4434 1121 4477 esse
1162 4419 1400 4497 scripta.

337 4604 572 4669 Etenim
605 4564 761 4668 ‘iam‘
784 4606 887 4669 diu
941 4607 1008 4667 P.
1049 4607 1105 4667 0.
1153 4654 1156 4656 Α
1183 4654 1186 4656 Α
1419 4608 1658 4688 reliqooia
1688 4607 1830 4669 vivis
1864 4606 2229 4686 inyravosoet.
2310 4638 2393 4653 --·
2418 4602 2723 4665 matwtas

255 4704 320 4765 iu
353 4703 539 4765 nostri
565 4702 894 4766 consulam
921 4711 1138 4783 tempus
1164 4706 1366 4783 mepte.
1429 4704 1624 4767 Locus
1667 4726 1985 4786 expressus
2022 4713 2117 4769 est
2158 4720 2237 4767 ex
2278 4700 2438 4763 Orat.
2470 4719 2523 4779 p.
2554 4696 2721 4777 Sylla
