3375 5500
671 439 821 484 xmv

670 628 880 694 adhuc
915 625 1188 694 ediderit
1204 671 1225 702 ,
1274 631 1507 710 operae
1543 627 1829 712 pretium
1874 625 2030 692 duxi
2060 647 2210 693 cum
2252 625 2601 694 lectoribus
2642 627 3152 696 communicare.

669 746 1058 814 Orationum
1125 745 1606 830 suppositarum
1682 743 2212 812 Catilinariarum
2294 746 2695 814 mentionem
2765 749 3153 814 inveneram

667 868 742 930 in
782 865 988 930 diario
1014 863 1422 948 Allgemeine
1457 864 1660 930 Liter.
1701 866 1981 947 Zeitung
2008 863 2135 953 2²⁸)
2150 912 2174 942 0
2217 863 2333 932 ubi
2362 863 2744 932 describitur
2784 867 3149 951 catalogus

671 985 844 1051 Bibl.
899 985 1048 1050 Lat.
1095 989 1224 1051 vet.
1284 989 1351 1050 et
1397 984 1581 1049 class.
1639 984 1772 1048 ΜΒ.
1822 1005 1991 1070 quae
2042 984 2114 1050 in
2161 984 2341 1068 regio
2387 985 2664 1070 Neapol.
2700 986 2937 1052 Museo
2972 986 3149 1051 Bor-

669 1104 906 1171 bonico
942 1109 1302 1170 asservatur
1316 1151 1340 1181 ,
1373 1124 1454 1170 ex
1497 1126 1628 1188 qua
1675 1103 2111 1189 descriptione
2153 1104 2313 1172 haec
2360 1126 2682 1189 apponere
2723 1128 2762 1170 a
2804 1107 3147 1191 proposito

667 1234 892 1291 nostro
939 1246 1074 1290 non
1121 1221 1408 1288 alienum
1471 1244 1613 1289 esse
1662 1222 1953 1302 videtur3
1998 1260 2088 1276 -
2136 1249 2171 1284 ιι
2188 1223 2407 1290 Sectio
2454 1224 2591 1290 ΙΙΙ.
2654 1225 3144 1290 Griissentheils

669 1344 1122 1410 Ciceronische
1163 1342 1390 1409 Reden
1408 1389 1430 1420 ,
1477 1343 1785 1408 meistens
1828 1342 2067 1427 jedoch
2121 1365 2251 1410 von
2295 1364 2601 1410 neuerem
2659 1343 2945 1422 Datum,
2990 1344 3143 1410 dar-

667 1471 860 1532 unter
910 1463 1080 1530 auch
1132 1461 1379 1546 (Codex
1428 1461 1680 1548 LXIV)
1744 1461 1889 1528 eine
1944 1489 1979 1524 ιι
2002 1461 2233 1529 Oratio
2278 1462 2511 1530 incerti
2558 1469 2625 1530 et
2670 1463 2877 1548 inepti
2921 1463 3140 1530 decla-

669 1584 936 1650 matoris
981 1584 1052 1648 in
1099 1581 1451 1649 Catilinam
1468 1580 1531 1659 ,’'
1585 1581 1693 1648 ein
1732 1581 1837 1648 bei
1886 1581 2361 1666 Beurtheilung
2407 1581 2521 1648 der
2566 1582 2920 1648 Aechtheit
2948 1583 3143 1650 Cice-

669 1704 1000 1771 ronischer
1040 1702 1266 1771 Reden
1303 1700 1752 1768 bedeutsamer
1789 1701 1994 1768 Wink
2014 1727 2035 1782 ‚-
2080 1700 2246 1768 dazu
2282 1700 2493 1786 gleich
2536 1701 2775 1768 darauf
2806 1701 2979 1768 noch
3026 1701 3139 1768 ein

667 1823 1082 1909 Gegenstiick
1139 1849 1174 1884 ιι
1197 1843 1326 1907 qua
1373 1822 1658 1889 Catilina
1698 1821 1771 1886 in
1810 1821 2193 1888 Ciceronem
2237 1821 2567 1888 invehitur
2580 1820 2643 1900 3''
2702 1821 2810 1888 ein
2860 1821 3136 1890 anderes

667 1943 1040 2010 Machwerk
1093 1940 1430 2007 desselben
1477 1941 1735 2006 Inhalts
1787 1941 2037 2006 enthiilt
2079 1941 2248 2006 auch
2295 1941 2519 2008 Codex
2547 1941 2707 2007 CVI
2752 1943 2822 2010 S.
2855 1943 2941 2006 79
2993 1941 3137 2006 und

668 2063 838 2128 noch
888 2061 1100 2144 einige
1161 2059 1398 2126 andere
1463 2059 2043 2126 Handsehriften.”
2132 2059 2458 2126 Videntur
2500 2060 2702 2144 igitur
2762 2060 2834 2124 in
2888 2061 3131 2128 Museo

667 2181 1108 2268 Neapolitano
1154 2179 1369 2265 plures
1424 2177 1843 2244 Catilinariae
1904 2177 2115 2244 adhuc
2155 2177 2445 2244 ineditae
2496 2179 2755 2249 servari.
2846 2179 3136 2246 Easdem

671 2323 824 2368 vero
850 2299 1160 2378 inveniri,
1198 2321 1356 2384 quas
1391 2321 1512 2384 ego
1551 2321 1731 2364 nunc
1766 2298 1973 2377 edidi,
2001 2305 2265 2384 apparet
2298 2320 2377 2366 ex
2422 2298 2504 2366 iis
2519 2346 2542 2378 ,
2589 2321 2755 2385 quae
2792 2300 2862 2366 in
2898 2299 3136 2366 Eisch-

667 2420 892 2486 stiidtii
932 2421 1418 2503 Programmate
1445 2419 1753 2502 leguntur
1780 2417 1931 2506 2²⁷).
2005 2417 2227 2484 Prima
2272 2417 2449 2484 enim
2488 2419 2696 2486 oratio
2738 2419 2831 2484 sic
2859 2417 3131 2504 incipit:

673 2567 708 2602 n
721 2541 866 2605 Non
932 2544 1020 2604 est
1088 2537 1350 2622 amplius
1399 2543 1634 2622 tempus
1671 2538 1783 2600 otii
1826 2537 1904 2600 P.
1958 2539 2068 2616 G.,·
2124 2556 2244 2602 non
2289 2541 2377 2602 est
2424 2539 2591 2602 locus
2632 2539 2895 2620 amplius
2922 2539 3133 2620 pieta-

663 2668 798 2726 tum
844 2663 970 2746 ²²⁸)
1013 2660 1080 2723 in
1127 2656 1386 2722 Italia.’'
1450 2655 1739 2722 Alterius
1776 2655 2117 2735 orationis,
2152 2678 2280 2740 qua
2314 2656 2596 2722 Catilina
2630 2656 2701 2722 in
2742 2656 3134 2724 Ciceronem

667 2779 996 2847 invehitur
1010 2826 1031 2857 ,
1068 2778 1331 2845 initium
1374 2778 1500 2845 hoc
1559 2784 1659 2843 est
1677 2802 1697 2843 ε,
1756 2803 1791 2837 ιι
1813 2777 1886 2843 Si
1930 2776 2233 2841 subtiliter
2276 2798 2317 2841 a
2364 2774 2889 2842 circumstantibus
2902 2821 2925 2853 ,
2966 2796 3135 2859 quae

663 2902 748 2965 sit
783 2899 1126 2984 praesentis
1173 2898 1428 2963 actionis
1469 2896 1911 2974 controversia,
1956 2896 2334 2981 quaeratur”
2377 2902 2530 2963 cett.

757 3020 1102 3087 Orationes
1131 3018 1284 3085 illae
1313 3016 1733 3083 Catilinariae
1776 3038 1857 3083 ex
1898 3037 1979 3083 eo
2020 3037 2255 3101 genere
2290 3021 2477 3094 sunt,
2506 3022 2584 3083 ut
2608 3014 2799 3081 facile
2840 3012 2987 3099 quis
3014 3033 3127 3081 eas

667 3141 910 3205 imitari
937 3139 1170 3224 possit:
1218 3160 1412 3205 causa
1450 3138 1591 3222 ipsa
1633 3141 1777 3203 erat
1816 3135 2155 3203 notissima
2168 3182 2190 3213 ‚
2234 3135 2443 3203 velex
2484 3136 2609 3201 hoc
2622 3183 2643 3213 ,
2688 3133 2866 3221 quod
2892 3133 3127 3201 Cicero

665 3258 908 3344 ubique
958 3256 1040 3323 de
1089 3276 1166 3321 ea
1209 3276 1281 3320 re
1334 3255 1645 3342 loquitur.
1734 3253 2050 3333 Ληκύθους
2098 3254 2282 3333 illas,
2328 3254 2411 3321 de
2456 3256 2749 3334 flamma,
2794 3254 2875 3321 de
2918 3253 3125 3330 ferre,

667 3381 750 3446 de
818 3376 1151 3444 nocturnis
1217 3373 1503 3440 consiliis
1517 3421 1539 3452 ‚
1603 3374 1779 3440 varie
1847 3374 2111 3460 pingere
2185 3380 2324 3441 erat
2394 3375 2811 3453 facillimum,
2866 3378 2935 3441 et.
3004 3372 3126 3457 qui

661 3497 1058 3564 obiectiones
1103 3501 1330 3561 contra
1373 3493 1630 3560 dicendi
1673 3516 1875 3579 genus
1924 3493 2374 3572 defenderent,
2420 3493 2723 3571 dicebant
2775 3494 2935 3559 haec
2982 3512 3125 3557 non

661 3626 798 3685 tam
853 3616 1042 3683 anxie
1087 3636 1224 3683 esse
1291 3615 1709 3701 ponderanda
1758 3621 1824 3681 et
1868 3613 2283 3681 excutienda:
2330 3615 2727 3698 ‚Ciceronem
2772 3612 2983 3688 enim,
3038 3631 3125 3675 ex

659 3745 950 3823 tempore
1027 3736 1297 3802 dixisse:
1377 3735 1695 3813 nescisse,
1768 3734 2117 3801 Catilinam
2199 3735 2269 3799 in
2346 3737 2663 3801 Senatum
2734 3738 3083 3797 venturum
3100 3777 3121 3806 ‚

663 3857 1060 3940 similiaque:
1122 3862 1456 3941 tamquam
1511 3855 1566 3919 si
1615 3876 1696 3921 ex
1743 3861 2036 3938 tempore
2086 3851 2297 3920 dicere
2313 3901 2335 3932 ,
2381 3860 2447 3919 et
2486 3853 2845 3919 orationem
2892 3854 3123 3935 postea

659 3975 848 4042 edere
895 3974 966 4040 in
1014 3975 1345 4062 publicum
1364 4023 1385 4053 ‚
1430 3974 1659 4041 eodem
1705 3972 1963 4039 rediret.

613 4186 616 4189 -
649 4094 1527 4213 muzungsbl.
1562 4162 1608 4196 a.
1651 4147 1801 4205 1837,
1836 4159 1885 4209 p.
1930 4148 2041 4194 101.

715 4227 802 4297 ²²⁷)
835 4231 1050 4296 Specim.
1085 4231 1187 4280 ΙΙΙ.
1224 4231 1287 4279 de
1321 4228 1483 4281 Oratt.
1517 4228 1664 4281 Catil.
1708 4243 1759 4293 p.
1801 4233 1881 4279 15.

715 4312 801 4381 ²²⁸)
834 4315 918 4365 Sic
964 4312 1156 4374 scripsit
1202 4312 1512 4373 Eischsffidt,
1556 4313 1865 4365 Iannellium
1912 4314 2140 4378 Catalogi
2184 4316 2424 4367 editorem
2438 4350 2455 4376 ,
2501 4321 2559 4365 ut
2592 4314 2813 4373 videtur,
2858 4315 3125 4377 sequutus:

651 4423 673 4443 a
689 4400 847 4449 Plura
889 4396 1025 4447 enim
1063 4395 1344 4447 Iannellius
1377 4408 1446 4447 ex
1478 4397 1620 4447 codd.
1657 4398 1762 4447 suis
1796 4398 1861 4449 de
1892 4400 2165 4465 praesentis
2198 4402 2406 4455 actionis
2442 4398 2780 4451 controversia
2822 4412 2926 4449 non
2960 4397 3123 4455 dedit,

644 4492 778 4535 recte
811 4481 993 4540 sciens,
1027 4480 1255 4531 omnium
1288 4479 1582 4548 impietatum
1612 4483 1893 4533 maximam
1916 4499 2053 4547 esse,
2086 4486 2225 4537 abuti
2266 4493 2490 4549 tempore
2524 4482 2613 4533 otii
2644 4484 2711 4533 ad
2742 4497 2831 4544 ea,
2865 4496 2995 4549 quae
3041 4496 3125 4531 ne-

645 4566 849 4633 gotiosis
882 4563 1134 4617 fastidium
1167 4569 1453 4618 moveant.”
1506 4568 1650 4631 Quae
1686 4582 1791 4621 non
1824 4569 2095 4634 scripsisset
2129 4570 2244 4630 ille,
2272 4570 2318 4620 si
2351 4576 2483 4619 recte
2518 4582 2585 4619 ex
2618 4568 2797 4619 codice>
2822 4581 2938 4631 pro:
2968 4563 3123 4630 pieta·

647 4661 769 4711 tum,
804 4650 1170 4715 suppeditatum
1204 4657 1356 4701 esset:
1387 4651 1767 4717 praestantium,
1812 4654 1949 4719 quod
1981 4668 2141 4719 quum
2174 4669 2262 4719 per
2298 4652 2653 4717 compendium
2688 4651 2759 4701 ita
2790 4649 3034 4701 scribatur
3069 4655 3123 4699 ut

645 4736 866 4801 aliquam
899 4736 1276 4788 similitudinem
1311 4736 1532 4787 habeant
1566 4737 1689 4788 haec
1726 4738 1999 4805 vocabula,
2032 4738 2297 4793 ridiculum
2336 4738 2527 4803 peperit
2560 4737 2753 4787 vitium.
