3375 5500
2620 449 2743 494 xm

277 625 648 691 adolescens
665 669 687 700 ‚
743 623 858 690 sed
906 645 974 690 se
1017 623 1236 688 mirari
1279 625 1541 690 Cottam
1560 675 1580 704 ‚
1622 647 1948 693 summum
1994 629 2204 714 ipsum
2257 637 2579 698 oratorem
2622 635 2746 700 mi-

281 746 587 829 nimeque
633 745 926 829 ineptum
940 791 960 820 ‚
1007 744 1312 810 Aelianas
1359 746 1530 813 leves
1569 749 2007 814 oratiunculas
2056 749 2337 815 voluisse
2392 752 2745 819 existimari

281 889 450 933 suas.
569 865 951 948 Cognomen
1031 870 1254 929 autem
1333 866 1603 933 Stilonis
1685 876 2015 954 acceperat
2080 871 2156 933 L.
2225 869 2489 949 Aelius,
2573 873 2751 957 quod

285 986 613 1051 orationes
701 984 1104 1050 nobilissimo
1175 983 1408 1069 cuique
1477 987 1753 1053 scribere
1818 988 2067 1054 solebat
2136 995 2252 1074 ⁸¹).
2369 990 2748 1058 Ciceronem

283 1104 599 1190 Pompeio
614 1153 635 1184 ,
699 1104 998 1169 Domitio
1061 1102 1334 1187 aliisque
1377 1106 1705 1191 scripsisse
1756 1108 2081 1173 orationes
2126 1114 2405 1174 testatur
2450 1111 2752 1178 Quincti-

283 1224 500 1290 lianus
551 1223 665 1312 ⁸²).
756 1223 858 1288 Ex
918 1224 1048 1289 alio
1102 1225 1402 1289 Suetonii
1445 1227 1590 1292 loco
1641 1230 1733 1312 ⁰3)
1788 1205 2051 1313 apparet
2098 1227 2273 1294 idem
2324 1229 2571 1294 factum
2614 1251 2754 1295 esse

289 1367 422 1429 quo
481 1349 774 1430 tempore
838 1344 1067 1410 Cicero
1130 1343 1201 1406 in
1265 1345 1408 1412 foro
1472 1347 1817 1432 regnabat:
1869 1349 1967 1412 M.
2024 1347 2283 1413 Caelius
2330 1348 2507 1413 enim
2551 1370 2783 1432 quum.

288 1487 556 1530 causam
599 1463 852 1531 dicebat
905 1464 988 1531 de
1033 1463 1128 1546 vi',
1186 1466 1491 1531 Atratino
1541 1467 1900 1532 accusatori
1944 1487 2063 1530 suo
2110 1467 2436 1533 actionem
2482 1467 2756 1535 dictasse

289 1585 373 1647 L.
440 1583 730 1650 Plotium
789 1584 1055 1650 Gallum
1097 1586 1520 1670 significabat.
1608 1588 1848 1671 Neque
1892 1588 2067 1651 hunc
2116 1609 2363 1652 morem
2410 1573 2655 1673 postea'
2687 1589 2757 1653 in

295 1703 794 1770 desuetudinem
862 1705 1095 1771 abiisse
1143 1707 1300 1772 satis
1346 1705 1499 1770 inde
1545 1713 1846 1790 apparet,
1904 1704 2080 1789 quod
2134 1705 2619 1772 Quinctilianus
2678 1708 2757 1773 de

295 1844 376 1887 ea
417 1845 490 1889 re
533 1831 874 1909 praecepta
921 1824 1171 1890 dederit
1201 1830 1317 1910 64).
1395 1826 1518 1902 At,
1558 1823 1732 1890 dicat
1781 1824 2047 1908 aliquis,
2089 1824 2243 1891 illae
2286 1828 2611 1894 orationes
2656 1833 2757 1892 ta-

292 1965 454 2011 men
521 1943 782 2009 habitae
847 1951 1036 2023 sunt,
1109 1944 1262 2010 licet
1319 1944 1402 2009 ab
1473 1943 1618 2009 aliis
1687 1944 1965 2029 scriptae
2037 1966 2233 2027 quam
2292 1944 2523 2011 dietae.
2610 1947 2759 2012 Scio

294 2062 636 2146 equidem:
685 2063 801 2130 sed
846 2064 1000 2129 hine
1035 2064 1166 2129 iam
1215 2065 1454 2130 multas
1501 2064 1762 2130 fraudes
1809 2069 1996 2129 natas
2054 2085 2192 2130 esse
2246 2086 2383 2130 non
2438 2073 2537 2130 est
2586 2066 2762 2150 quod

296 2183 696 2250 dubitemus.
804 2183 911 2249 Sic
926 2231 948 2262 ,
1014 2190 1090 2249 ut
1159 2184 1566 2251 luculentum
1623 2185 1991 2270 exemplum
2050 2183 2313 2250 afferam
2329 2233 2350 2261 ‚
2423 2183 2761 2268 Theopha-

298 2327 418 2372 nes
453 2304 708 2390 scripsit
752 2305 1113 2371 orationem
1158 2305 1312 2371 ferri
1362 2303 1574 2390 (λόγον
1624 2303 1965 2392 εὑρεθῆναι)
2014 2303 2251 2369 Rutilii
2298 2303 2534 2369 exsulis
2553 2352 2574 2383 ,
2633 2327 2761 2389 qua

307 2425 492 2491 exsul
537 2423 910 2491 Mithridati
959 2425 1348 2510 persuaserit
1406 2431 1481 2490 ut
1540 2425 1706 2491 cives
1754 2423 2085 2490 Romanos
2135 2424 2207 2488 in
2245 2423 2405 2488 Asia
2460 2423 2763 2508 degentes

305 2545 698 2610 interficeret
750 2543 864 2633 ⁰⁵).
959 2544 1275 2630 Inspiciat
1333 2545 1497 2609 mihi
1561 2543 1641 2609 de
1708 2544 1931 2610 eadem
1989 2543 2319 2608 Ciceronis
2376 2549 2587 2608 aetate
2636 2549 2764 2608 tes-

307 2672 442 2730 tem
509 2662 931 2751 locupletem,
1013 2664 1372 2730 Asconium
1452 2668 1540 2751 66)
1625 2663 1771 2728 dico
1787 2711 1807 2740 ‚
1888 2663 1999 2747 qui
2080 2661 2478 2727 mentionem
2554 2661 2765 2726 iniicit

309 2785 677 2851 orationum
755 2806 920 2869 quae
997 2785 1371 2850 ferebantur
1445 2784 1711 2849 nomine
1784 2782 2060 2849 Antonii
2142 2789 2209 2847 et
2291 2780 2613 2847 Catilinae
2690 2782 2763 2846 in

306 2906 733 2971 Ciceronem.·
794 2906 973 2969 Nam
1043 2927 1242 2989 quum
1310 2904 1538 2970 Cicero
1597 2904 1669 2967 in
1714 2910 1869 2987 toga
1914 2901 2189 2968 candida
2205 2950 2226 2978 ,
2276 2902 2555 2967 comitiis
2610 2925 2766 2969 con·-

310 3026 628 3091 sularibus
663 3026 1054 3091 instantibus
1075 3074 1095 3102 ,
1142 3024 1503 3090 orationem
1551 3022 1885 3089 habuisset
1916 3023 1989 3085 in
2024 3024 2270 3087 Senatu
2312 3043 2441 3105 qua
2474 3020 2763 3087 invectus

311 3154 408 3211 est
462 3147 532 3210 in
587 3146 939 3211 coitionem
985 3150 1074 3230 67)
1133 3144 1455 3210 Catilinae
1505 3150 1572 3209 et
1612 3142 1927 3219 Antonii,
1982 3142 2080 3205 illi
2127 3142 2595 3207 contumeliose
2633 3163 2768 3207 res·

311 3267 679 3352 ponderunt
741 3267 980 3333 invecti
1047 3266 1118 3329 in
1192 3264 1550 3331 novitatem
1613 3264 1772 3329 eius.
1865 3262 2207 3329 Orationes
2270 3264 2443 3329 enim
2504 3263 2768 3327 illorum

314 3388 577 3453 nomine
644 3386 854 3452 editae
925 3385 1188 3470 quidem
1242 3392 1397 3449 sunt
1439 3388 1529 3468 66)
1551 3433 1572 3461 ,
1639 3406 1772 3449 non
1837 3382 1918 3448 ab
1972 3383 2125 3469 ipsis
2174 3382 2486 3466 scriptae,
2528 3381 2643 3449 sed
2687 3381 2769 3447 ab

318 3508 646 3574 Ciceronis
693 3506 1252 3573 obtrectatoribus.
1346 3506 1418 3569 Si
1463 3504 1915 3571 Quinctiliano
1958 3506 2046 3587 ⁶⁹)
2089 3502 2249 3569 fides
2295 3501 2591 3569 habenda
2636 3509 2732 3567 est
2749 3550 2769 3579 ‚

376 3798 438 3867 ⁶¹)
475 3801 614 3854 Suet.
663 3804 730 3855 de
774 3804 858 3855 111.
907 3803 1132 3855 Gramm.
1182 3809 1231 3853 3.
1275 3804 1339 3853 cf.
1385 3804 1449 3852 de
1497 3801 1695 3853 Stilone
1728 3800 1965 3863 Meyerus
1999 3796 2178 3860 fragm.
2215 3795 2376 3848 Oratt.
2410 3794 2555 3845 Rom.
2592 3808 2641 3857 p.
2678 3796 2777 3842 336

405 3922 420 3935 ο
519 3924 533 3938 ο
607 3891 670 3938 ιο·

312 3901 440 4037 ⁸122)
455 3889 678 4033 {nizea
723 3973 825 4023 ΙΠ.
876 3978 926 4023 8.
973 3974 1000 4038 §
1044 3974 1127 4023 50.
1171 3970 1234 4023 cf.
1276 3973 1339 4023 de
1381 3970 1622 4035 Pompeio
1664 3968 1767 4021 Cic.
1816 3968 1880 4018 ad
1916 3966 2028 4017 Att.
2064 3965 2191 4017 VII.
2234 3967 2312 4015 17.
2350 3969 2400 4015 et
2433 3962 2668 4027 Meyer-us
2700 3974 2781 4025 op.

310 4056 346 4105 l.
414 4091 428 4106 .
465 4061 498 4105 4
569 4092 582 4107 .

379 4072 441 4204 8⁵)
475 4062 618 4194 ἕξει.
652 4144 716 4194 de
749 4142 884 4195 Clar.
920 4142 1070 4195 Rhet.
1105 4150 1154 4195 2.

384 4222 446 4291 sc.)
484 4226 688 4289 Quinet.
724 4226 824 4277 XI.
867 4232 910 4277 1.
947 4227 973 4293 ᾗ
1007 4233 1092 4278 31.
1125 4229 1230 4279 ΙΠ.
1269 4232 1316 4279 s.
1353 4226 1378 4291 ς
1413 4230 1506 4285 51;
1547 4230 1591 4275 1.
1625 4225 1654 4291 5
1692 4230 1772 4274 10.
1806 4223 1879 4273 Π.
1922 4226 2001 4272 15.
2036 4219 2063 4285 §
2096 4225 2179 4270 3ο.

383 4306 443 4376 ⁶⁵)
475 4311 612 4362 Plut.
648 4312 826 4376 Pomp.
863 4316 948 4363 37.
1001 4312 1126 4363 Alia
1160 4311 1394 4375 exempla
1425 4310 1707 4361 orationum
1738 4308 1849 4359 aliis
1880 4304 2269 4368 conscriptarum
2302 4300 2417 4351 vide
2450 4296 2583 4362 apud
2615 4294 2785 4360 Meye-

316 4408 426 4445 rum
458 4410 537 4461 op.
573 4397 610 4446 l.
645 4412 693 4461 p.
738 4400 862 4458 174,
899 4402 1029 4457 250,
1065 4402 1195 4458 390,
1232 4402 1350 4447 433.

383 4476 446 4545 66)
479 4481 598 4531 Asc.
635 4480 760 4533 Ped.
794 4496 845 4547 p.
883 4486 966 4531 95.
1001 4480 1178 4534 Orelli.

383 4562 446 4630 ⁶⁷)
478 4567 608 4617 Ibid.
643 4582 694 4632 p.
731 4572 816 4617 83.

388 4646 452 4714 ⁶⁸)
484 4650 856 4713 Quinctilianus
891 4652 1106 4705 Antonii
1139 4650 1416 4705 orationem
1449 4648 1621 4703 laudat
1654 4642 1755 4698 IX.
1792 4648 1823 4693 3
1860 4642 1887 4707 §
1922 4644 2007 4691 94.
2042 4664 2111 4676 —
2147 4635 2224 4693 Cf.
2263 4634 2435 4691 Schol.
2452 4634 2580 4687 Bob.
2600 4647 2648 4699 p.
2668 4635 2787 4683 395.

385 4732 448 4802 69)
483 4735 685 4805 Quinet.
720 4736 781 4790 X.
823 4742 867 4788 1.
902 4736 929 4802 §
965 4742 1046 4788 23.
