3375 5500
601 478 852 521 xxxvln

609 665 692 730 ad
717 687 776 728 a.
808 665 934 728 551
987 689 1021 722 a
1041 667 1246 726 sextus
1274 661 1539 724 decimus
1576 659 1630 724 is
1663 679 1873 723 annus
1908 655 2064 722 belli
2090 656 2322 722 Punici
2353 657 2533 723 erat''
2569 659 2691 743 ¹⁹⁴)
2710 706 2730 735 ,
2760 659 2900 724 fieri
2932 681 3106 724 non

610 789 826 870 potest
837 808 857 862 3
902 788 980 848 ut
1021 805 1080 846 a.
1129 782 1260 845 553
1305 779 1366 846 ei
1409 778 1496 844 sit
1539 779 1805 842 decimus
1845 779 2133 860 septimus
2172 777 2329 843 belli
2372 777 2606 845 Punici
2642 782 2797 865 19ὅ).

699 905 1066 969 Provocant
1118 900 1290 964 Livii
1329 904 1874 964 commentatores
1926 897 2009 962 ad
2057 897 2269 963 XXV.
2322 900 2426 963 15.
2477 900 2513 982 ξ
2558 901 2676 964 19:
2727 927 2763 960 ιι
2785 899 3109 965 nobilem

611 1045 681 1090 se
729 1022 1143 1090 consulatum
1178 1026 1315 1085 tam
1356 1019 1705 1104 opulentae
1741 1018 1920 1084 urbis
1952 1017 2203 1084 excidio
2246 1017 2371 1085 rati
2410 1018 2694 1085 facturos
2710 1068 2731 1097 ,
2771 1019 2979 1084 simul
3032 1027 3111 1085 et

609 1144 840 1228 ingens
900 1139 1220 1224 flagitium
1281 1137 1556 1223 imperio
1609 1137 1937 1203 demturos
1953 1185 1974 1214 ,
2035 1135 2211 1220 quod
2272 1135 2419 1202 urbi
2468 1141 2605 1202 tam
2672 1139 3111 1225 propinquae

613 1262 882 1329 tertium
927 1280 1173 1325 annum
1216 1257 1540 1343 impunita
1589 1257 1867 1323 defectio
1909 1256 2143 1334 esset”‚
2190 1277 2383 1341 quem
2438 1257 2655 1323 locum
2700 1263 3109 1344 corruptum

617 1401 758 1448 esse
821 1399 1014 1447 nemo
1059 1376 1417 1454 dubitabit,
1459 1375 1572 1461 qui
1618 1381 1877 1461 reputet
1891 1423 1912 1452 ,
1956 1375 2385 1442 defectionem
2432 1376 2695 1462 Capuae
2732 1375 2967 1445 cadere
3020 1379 3105 1442 in

619 1525 678 1566 a.
725 1523 788 1565 u.
827 1521 882 1565 c.
931 1501 1064 1565 538
1107 1519 1270 1563 coss.
1313 1497 1392 1560 L.
1436 1496 1721 1564 Aemilio
1764 1495 2035 1574 Paullo,
2080 1497 2154 1560 G.
2199 1496 2502 1564 Terentio
2546 1498 2880 1576 Varrone,
2936 1505 3111 1584 post

619 1640 902 1706 pugnam
951 1618 1360 1684 Cannensem
1373 1663 1395 1694 ,
1440 1615 1832 1700 Liviumque
1868 1635 1945 1681 ea
1982 1636 2150 1700 quae
2185 1615 2444 1681 laudavi
2479 1617 2757 1683 seribere
2796 1618 2878 1684 de
2913 1619 3107 1705 App.

619 1738 902 1806 Claudio
949 1737 1272 1816 Pulchro,
1336 1737 1421 1802 Q,
1469 1735 1703 1802 Fulvio
1761 1736 1993 1802 Flacco
2039 1735 2160 1801 III
2212 1758 2374 1803 coss.
2428 1759 2486 1803 a.
2514 1759 2580 1802 u.
2611 1758 2668 1805 e.
2715 1739 2850 1803 542
2865 1763 2887 1817 ς
2932 1762 3108 1804 nam

623 1863 872 1924 tertium
909 1881 1155 1924 annum
1192 1857 1321 1922 dici
1364 1878 1555 1942 posse
1598 1855 1716 1921 ubi
1750 1857 1995 1939 quintus
2033 1861 2199 1924 esset
2238 1855 2548 1923 dicendus
2565 1905 2585 1936 ,
2630 1878 2747 1943 pro
2789 1864 3109 1925 monstro

629 1986 728 2046 est
779 1981 930 2062 19θ).
1022 1978 1253 2062 Aeque
1309 1975 1658 2042 absurdum
1712 1980 1811 2041 est
1864 1974 2041 2060 quod
2090 1983 2489 2044 enarratores
2536 1978 2637 2043 illi
2690 1980 2929 2063 passim
2976 2002 3111 2066 po·

627 2102 901 2165 suerunt
939 2099 1061 2182 ¹⁹⁷)
1087 2144 1107 2175 ‚
1152 2095 1413 2164 Livium
1458 2095 1728 2160 solitum
1774 2093 1976 2160 fuisse
2022 2093 2118 2159 ita
2158 2115 2499 2163 numerare
2540 2102 2619 2164 ut
2672 2099 2883 2164 solum
2901 2147 2923 2178 ,
2982 2102 3111 2186 qui

623 2217 798 2284 inter
839 2223 1192 2302 utrumque
1235 2215 1590 2282 terminum
1627 2213 2117 2282 continerentur
2152 2237 2356 2292 annos
2388 2225 2661 2303 poneret
2677 2268 2699 2297 ,
2741 2240 2894 2284 mox
2912 2269 2933 2298 ,
2972 2242 3111 2307 pro

623 2335 818 2402 libitu
835 2380 858 2414 ‚
914 2335 1448 2414 alterumutrum,
1513 2355 1666 2401 mox
1716 2341 2069 2420 utrumque
2117 2333 2476 2402 additurus.
2567 2338 2823 2406 Quodsi
2865 2341 2959 2406 sic
3001 2342 3112 2407 fe-

631 2456 858 2534 cisset,
910 2454 992 2521 de
1039 2453 1459 2539 chronologia
1507 2460 1574 2522 et
1622 2453 1705 2520 de
1750 2455 2021 2522 historia
2063 2474 2287 2522 vereor
2328 2477 2415 2522 ne
2458 2462 2676 2522 actum
2722 2465 2908 2525 esset.

513 2551 520 2556 '
720 2578 808 2642 In
848 2581 1082 2662 quarto
1113 2573 1260 2642 loco
1299 2597 1342 2640 a
1366 2574 1704 2660 Madvigio
1730 2574 2027 2653 laudato,
2049 2594 2198 2660 pro:
2250 2600 2284 2635 n
2299 2573 2618 2660 ludosque
2644 2598 2914 2659 magnos
2929 2625 2951 2656 ,
2988 2576 3115 2663 qui

633 2717 759 2764 una
805 2696 943 2765 voti
993 2701 1208 2764 essent
1260 2731 1351 2746 —-
1393 2695 1768 2763 faciendos”
1816 2679 2283 2762 Drakenborch
2339 2693 2615 2762 coniecit
2631 2743 2651 2775 ,
2706 2696 2817 2761 Vio
2875 2698 3116 2781 (quin-

635 2818 947 2904 quennio)
1003 2816 1352 2903 respiciens
1397 2838 1601 2883 annos
1659 2818 1791 2882 553
1847 2821 1915 2882 et
1969 2812 2134 2893 559,
2189 2837 2384 2900 quam
2440 2814 2957 2882 emendationem
3004 2817 3118 2885 ita

637 2936 882 3005 firmari
935 2936 1143 3004 voluit
1157 2984 1179 3015 ,
1241 2941 1321 3003 ut
1388 2960 1524 3003 non
1578 2940 2199 3003 connumerarentur
2251 2935 2408 3000 anni
2461 2936 2565 3002 vel
2606 2958 2737 3021 quo
2784 2935 2957 3015 voti,
3006 2940 3122 3005 vel

641 3079 775 3141 quo
823 3057 980 3124 facti
1015 3056 1157 3121 ludi
1205 3062 1437 3123 essent.
1529 3052 1749 3121 Huius
1793 3061 2011 3121 autem
2040 3054 2170 3121 loci
2214 3074 2545 3141 perperam
2581 3054 2851 3121 correcti
2884 3055 2957 3121 in
2985 3058 3120 3124 hac

639 3196 711 3240 re
773 3176 942 3239 ratio
990 3160 1216 3240 haberi
1271 3196 1312 3238 a
1363 3173 1552 3239 nobis
1601 3196 1739 3240 non
1796 3180 2013 3260 potest
2027 3222 2049 3253 ,
2108 3197 2315 3260 aeque
2360 3176 2581 3241 minus
2634 3176 2978 3242 verborum
3034 3198 3120 3243 ex

642 3293 818 3361 Livii
863 3293 911 3358 1.
955 3290 1352 3393 XXXVIII.
1416 3293 1522 3355 52.
1566 3294 1603 3375 ᾗ
1656 3295 1717 3356 7.
1778 3293 1934 3360 licet
1988 3294 2081 3360 ibi
2133 3301 2312 3362 recte
2365 3303 2723 3363 correctum
2781 3296 2904 3361 sit:
2971 3322 3008 3358 tt
3032 3296 3121 3362 ad

649 3438 844 3502 quem
909 3418 1062 3479 ante
1111 3432 1317 3478 annos
1373 3402 1901 3495 septemdecim?
1996 3415 2114 3479 Sat
2168 3414 2345 3481 enim
2392 3415 2522 3481 loci
2578 3420 2733 3482 sunt
2785 3436 2919 3481 non
2968 3436 3117 3481 cor-

646 3534 826 3620 rupti
846 3581 868 3612 ,
914 3532 1147 3618 quibus
1193 3552 1334 3599 rem
1378 3530 1610 3597 confici
1654 3552 1844 3617 posse
1885 3530 2199 3597 videatur.

737 3653 934 3741 Apud
974 3652 1238 3719 Livium
1281 3650 1427 3717 XL.
1467 3654 1573 3717 52.
1620 3652 1656 3737 ξ
1702 3653 1768 3716 4.
1817 3653 2144 3719 nVoverat
2186 3673 2329 3720 eam
2378 3652 2563 3719 annis
2611 3651 2915 3720 undecim
2958 3660 3119 3721 ante

648 3776 728 3837 L.
789 3773 1110 3841 Aemilius
1164 3771 1458 3857 Regillus
1477 3821 1498 3850 ,
1565 3772 1783 3839 navali
1837 3773 2085 3859 proelio
2155 3772 2456 3840 adversus
2517 3773 2874 3860 praefectos
2943 3776 3119 3859 regis

656 3891 970 3958 Antiochi
984 3893 1049 3970 ,³³
1092 3915 1288 3977 quem
1330 3915 1479 3959 cum
1523 3894 1667 3960 aliis
1696 3894 1855 3960 locis
1894 3900 2071 3960 recte
2096 3894 2460 3978 conspirare
2488 3893 2851 3979 apparebit,
2896 3896 2953 3960 si
2994 3918 3122 3960 nu-

717 4219 804 4290 194)
838 4224 953 4274 Liv.
989 4222 1169 4273 XXX.
1213 4230 1257 4276 1.

721 4304 808 4373 ¹⁹⁵)
842 4309 960 4360 Liv.
996 4308 1147 4361 XXX.
1185 4315 1269 4361 44.
1309 4316 1357 4361 2.

724 4390 810 4460 ι96)
847 4394 998 4457 Quod
1039 4411 1191 4463 supra
1231 4382 1340 4447 iam*
1380 4398 1600 4451 diximus
1633 4402 1698 4451 de
1730 4402 1811 4453 die
1847 4401 1985 4453 tertio
2016 4405 2243 4456 firmatur
2276 4421 2327 4457 v.
2355 4422 2400 4458 c.
2433 4408 2496 4457 iis
2509 4445 2523 4468 ,
2565 4421 2697 4473 quae
2730 4406 2966 4470 leguntur
3000 4408 3133 4471 apud

656 4477 772 4528 Liv.
809 4476 997 4531 XLIV.
1042 4487 1073 4530 3
1111 4482 1145 4532 f.
1184 4488 1230 4533 4.
1265 4483 1293 4548 ᾗ
1333 4486 1376 4533 7.
1411 4488 1460 4534 5.
1485 4485 1523 4551 .§
1563 4490 1652 4537 11:
1704 4487 1912 4554 uitaque
1955 4505 2113 4555 quum
2158 4491 2345 4545 alacres
2382 4491 2609 4556 protinus
2640 4492 2843 4542 duceret
2875 4491 2941 4541 ad
2974 4498 3137 4542 castra

658 4561 878 4612 hostium
922 4565 1180 4617 consulem
1224 4568 1541 4621 hortarentur
1551 4591 1566 4631 ;
1615 4571 1722 4621 dies
1766 4588 1898 4626 unus
1942 4573 2081 4627 fessis
2124 4575 2295 4628 labore
2342 4577 2453 4629 viae
2498 4576 2562 4628 ad
2597 4576 2820 4644 quietem
2856 4575 3002 4627 datus
3037 4582 3110 4626 est
3122 4597 3138 4634 ;

661 4646 809 4695 tertio
844 4648 924 4699 die
959 4677 1027 4686 —
1060 4652 1235 4703 consul
1269 4654 1335 4703 ad
1365 4655 1560 4706 hostem
1593 4657 1782 4707 ducit.''

731 4727 816 4795 ¹⁹⁷)
853 4733 986 4785 Vide
1020 4749 1068 4786 v.
1089 4752 1131 4787 c.
1168 4737 1233 4789 ad
1266 4738 1380 4791 Liv.
1418 4740 1581 4795 XLII.
1626 4747 1705 4793 10.
1742 4742 1768 4807 §
1798 4746 1847 4792 5·

3362 3934 3367 4123 x
