3375 5500
1823 443 1910 505 30

650 657 899 733 cellum
938 654 1034 744 ⁴⁷)
1093 648 1494 748 demigrasti
1516 706 1533 734 ‚
1585 671 1794 744 quem
1838 655 1919 722 tu
1967 647 2279 722 videlicet
2324 655 2394 722 et
2435 648 2526 721 ad
2573 647 3102 722 custodiendum

649 796 718 860 te
755 787 851 875 48)
897 779 1506 879 diligentissimum
1549 785 1620 849 et
1665 776 1756 849 ad
1797 777 2292 876 suspicandum
2344 777 2861 875 sagacissunum
2906 784 2975 850 et
3012 777 3103 850 ad

653 911 1152 989 vindicandum
1194 905 1663 981 fortissimum
1687 905 1831 979 fore
1866 906 2147 1005 putasti.
2252 906 2391 980 Sed
2428 930 2640 1003 quam
2682 905 2882 1005 longe
2918 905 3101 979 vide-

652 1053 767 1117 tur
809 1068 850 1116 a
887 1062 1149 1115 carcere
1209 1043 1418 1134 atque
1460 1061 1501 1109 a
1548 1033 1839 1108 vinculis
1885 1034 2125 1108 abesse
2173 1034 2457 1122 debere,
2509 1033 2633 1132 qui
2676 1059 2746 1135 se
2780 1034 2926 1132 ipse
2965 1033 3104 1108 iam

652 1172 942 1270 dignum
980 1165 1294 1240 custodia
1319 1163 1690 1238 iudicarit?
1762 1165 1875 1237 20.
1931 1165 2131 1241 Quae
2165 1188 2388 1262 quum
2427 1163 2525 1236 ita
2560 1161 2731 1248 sint,
2765 1161 3101 1249 Catilina,

651 1299 930 1374 dubitas
958 1356 975 1384 ,
1047 1296 1106 1368 si
1150 1294 1364 1368 emori
1425 1317 1646 1390 aequo
1710 1293 1940 1366 animo
1999 1316 2138 1366 non
2186 1300 2383 1391 potes
2401 1351 2420 1379 ‚
2472 1292 2661 1364 abire
2706 1289 2779 1362 in
2840 1290 3106 1387 aliquas

647 1440 862 1504 terras
903 1433 972 1500 et
1014 1422 1228 1498 vitam
1280 1421 1520 1508 istam,
1573 1421 1811 1493 multis
1857 1420 2210 1519 suppliciis
2258 1419 2460 1494 iustis
2511 1418 2905 1516 debitisque
2956 1441 3098 1490 ere-

647 1566 841 1658 ptam
859 1614 878 1644 ,
928 1553 1136 1651 fugae
1187 1547 1678 1648 solitudinique
1728 1549 2101 1622 mandare?

737 1716 801 1784 4⁷)
837 1717 911 1767 M.
948 1713 1232 1767 Metellum.
1372 1709 1435 1777 ⁴⁸)
1472 1713 1590 1778 [te].

642 1981 940 2064 significat
983 1988 1045 2038 et
1082 1975 1363 2037 Latinum
1407 1993 1530 2035 non
1573 1984 1682 2034 est.
1769 1971 2071 2034 Vocabulo
2109 1972 2429 2051 parietibus
2471 1993 2613 2035 usus
2671 1974 2856 2035 fuisse
2904 1973 3117 2034 rhetor

640 2083 914 2148 videtur,
955 2075 1120 2156 quod
1171 2080 1501 2152 opponeret
1552 2069 1755 2130 iisdem
1800 2069 2103 2128 menibus.
2186 2103 2268 2114 --
2308 2071 2657 2148 demiqrasti.
2728 2071 3119 2151 Demigrandi

640 2179 895 2242 verbum
929 2178 1256 2250 usurpatur
1299 2169 1376 2228 de
1419 2169 1523 2236 iis,
1566 2168 1670 2247 qui
1708 2186 1783 2226 ex
1819 2166 1997 2227 domo
2039 2167 2135 2226 vel
2178 2185 2253 2225 ex
2296 2185 2369 2226 eo
2411 2169 2545 2228 loco
2582 2168 2685 2228 ubi
2729 2166 3008 2228 habitant
3050 2168 3119 2226 in

643 2277 826 2337 alium
862 2275 1180 2332 transeunt
1215 2284 1350 2325 cum
1389 2264 1549 2324 omni
1579 2262 2008 2342 suppellectili,
2050 2261 2216 2342 quod
2244 2261 2306 2321 in
2340 2260 2503 2323 hunc
2539 2265 2737 2325 locum
2767 2282 2888 2323 non
2933 2262 3119 2322 cadit.

641 2404 724 2416 ....
766 2369 818 2429 si
872 2364 1048 2426 emori
1095 2379 1269 2441 aequo
1316 2360 1506 2420 animo
1548 2378 1661 2418 non
1696 2358 1898 2437 possis.
1983 2356 2191 2438 Inepta
2233 2357 2382 2418 haec
2426 2369 2598 2429 sunt;
2642 2381 2779 2421 nam
2821 2361 2967 2440 quid
3005 2361 3123 2420 sit:

643 2482 837 2545 aequo
893 2459 1093 2519 a'nimo
1149 2455 1376 2536 aliquid
1419 2455 1574 2534 pati,
1617 2455 1904 2522 tolerare,
1947 2454 2191 2521 similia,
2222 2455 2509 2537 ,omnibus
2550 2467 2761 2517 notum
2802 2466 2917 2516 est:
2958 2456 3125 2515 mori

643 2578 837 2641 aequo
877 2556 1076 2616 animo
1107 2552 1144 2611 i.
1191 2569 1241 2610 e.
1286 2549 1642 2628 tranquille,
1685 2548 1909 2609 dicitur
1952 2548 2027 2608 de
2074 2566 2177 2617 eo,
2218 2552 2325 2630 qui
2350 2631 2354 2636 ‚
2368 2561 2611 2630 paratus
2653 2562 2777 2622 est,
2818 2553 2923 2632 qui
2957 2570 3122 2612 mor-

643 2667 767 2718 tem
808 2673 932 2714 non
974 2648 1193 2710 metuit
1244 2647 1401 2726 apud
1453 2645 1568 2705 Cic.
1621 2645 1696 2706 de
1751 2642 1887 2704 Sen.
1933 2644 2027 2704 23.
2079 2644 2127 2726 S
2171 2646 2264 2705 83.
2352 2646 2508 2717 Quid
2555 2647 2653 2706 hie
2700 2666 2845 2709 vero
2899 2647 3123 2707 mortis

639 2753 870 2815 mentio
913 2747 1122 2815 saciat,
1171 2753 1305 2825 post
1331 2762 1522 2804 vocc.:
1576 2760 1769 2822 »quac
1811 2760 1999 2821 quum
2044 2741 2128 2801 ita
2172 2740 2356 2811 sint,''
2398 2761 2520 2804 non
2555 2742 2761 2811 video,
2803 2762 2995 2823 quum
3042 2744 3119 2805 de

643 2870 714 2911 ea
758 2868 824 2908 re
876 2848 940 2907 in
991 2841 1491 2924 praecedentibus
1541 2838 1694 2899 nihil
1746 2839 2013 2917 legatur:
2069 2837 2117 2896 si
2161 2836 2309 2897 haec
2354 2838 2690 2917 significare
2732 2839 2959 2900 debent
3013 2860 3120 2900 cur

641 2945 790 3007 mori
821 2940 1070 3004 meluis?
1112 2938 1337 2999 insulsa
1381 2946 1474 2997 est
1515 2936 1616 2995 illa
1653 2934 1959 3015 quaesti0,
2002 2953 2156 3014 quac
2200 2933 2342 2995 huic
2383 2936 2517 2996 loco
2556 2954 2681 2996 non
2724 2934 3028 2995 convenit.

727 3136 1016 3196 Absoluta
1071 3135 1191 3193 iam
1246 3151 1316 3191 ea
1369 3141 1539 3211 parte
1577 3128 1912 3197 erationis,
1954 3148 2073 3207 qua
2124 3128 2311 3189 suasit
2347 3126 2557 3187 rhetor
2592 3127 2881 3189 Catilinae
2927 3136 2998 3187 ut
3046 3146 3122 3209 ex

645 3232 796 3293 urbe
839 3230 1066 3297 exiret,
1110 3244 1437 3304 causasque
1487 3226 1766 3304 exposuit
1807 3243 1915 3284 cur
1964 3223 2463 3303 proficiscendum
2505 3234 2696 3294 esset,
2751 3225 2913 3285 inter
2966 3242 3123 3304 quas

645 3329 859 3389 festive
892 3326 1075 3385 etiam
1104 3322 1253 3382 haec
1289 3331 1661 3381 recensetur:
1700 3320 2015 3379 Catilinam
2052 3339 2115 3379 se
2152 3321 2346 3399 ipsum
2376 3322 2441 3380 in
2475 3322 2809 3381 custodiam
2844 3319 3123 3388 dedisse,

646 3422 789 3504 (quo
822 3430 986 3481 certe
1024 3418 1300 3498 probavit
1337 3417 1449 3476 sibi
1486 3416 1860 3497 propositum
1896 3435 2026 3476 esse
2070 3418 2133 3476 in
2177 3417 2327 3477 urbe
2362 3419 2658 3501 manere),
2696 3428 2897 3479 orator
2938 3418 3125 3478 aliam

649 3517 992 3597 ingreditur
1034 3514 1208 3575 viam.
1295 3511 1465 3573 Nunc
1509 3514 1751 3572 demum
1799 3512 1970 3573 iubet
2015 3511 2329 3572 Catilinam
2372 3515 2460 3574 ire
2497 3516 2561 3574 in
2604 3515 2912 3582 exsilium,
2955 3514 3126 3594 quod

647 3612 875 3673 nemini
907 3612 1142 3691 iniungi
1180 3629 1351 3691 posse
1387 3611 1504 3671 civi
1540 3608 1835 3678 Romano,
1865 3628 2092 3689 poenae
2130 3610 2287 3678 loco,
2323 3630 2521 3690 neque
2554 3632 2587 3671 a
2618 3613 2887 3680 consule,
2916 3628 3125 3691 neque

651 3732 684 3771 a
723 3708 949 3771 Senatu
985 3728 1164 3789 supra
1201 3708 1355 3769 dixi:
1398 3708 1676 3767 exsilium
1720 3708 1883 3768 enim
1910 3707 2169 3769 ‘civibus
2218 3705 2501 3768 Romanis
2548 3728 2669 3769 non
2720 3717 2850 3768 erat
2898 3707 3127 3785 suppli—

651 3807 842 3874 cium,
894 3805 999 3865 sed
1043 3804 1384 3885 perfugium
1428 3814 1490 3865 et
1539 3815 1749 3883 portus
1799 3804 2088 3884 supplicii.
2133 3802 2248 3864 Cic.
2287 3824 2339 3883 p.
2385 3804 2549 3865 Caec.
2596 3806 2688 3865 34.
2727 3804 2774 3884 ᾗ
2810 3804 2945 3862 100.
3034 3802 3129 3861 Ex

652 3921 724 3961 ea
768 3911 969 3960 tamen
1018 3919 1211 3979 poena
1269 3899 1382 3960 sibi
1432 3900 2068 3980 videt-tempestatem
2120 3899 2383 3959 invidiae
2433 3902 2753 3960 maximam
2797 3901 3126 3967 orituram,

653 3996 825 4056 cuius
879 3996 1100 4054 molem
1159 3995 1259 4054 vix
1323 3995 1661 4054 sustinebit.
1762 3994 1987 4063 Quodsi
2042 3994 2190 4054 haec
2233 4014 2444 4055 revera
2487 4016 2520 4055 a
2577 3995 2863 4057 Cicerone
2917 4005 3128 4056 essent

654 4093 900 4171 scripta,
933 4092 1062 4150 sine
1093 4089 1279 4149 dubio
1316 4090 1433 4149 iam
1477 4100 1654 4149 antea
1689 4091 1765 4150 de
1802 4109 1871 4149 ea
1902 4109 1968 4149 re
2006 4092 2289 4170 loquutus
2324 4093 2561 4163 suisset,
2597 4093 2950 4174 praesertim
2986 4108 3129 4151 cum

656 4189 840 4248 etiam
883 4187 1216 4247 verendum
1264 4186 1448 4245 fuisse
1500 4186 1779 4246 videatur
1822 4206 1898 4246 ne
1950 4206 2019 4247 ea
2070 4188 2376 4249 calamitas
2420 4187 2615 4270 (istius
2665 4191 2786 4251 scil.
2837 4186 3128 4267 invidiae)

653 4304 774 4345 non
811 4286 1003 4345 solum
1046 4284 1309 4363 privata,
1339 4284 1446 4343 sed
1483 4284 1664 4343 etiam
1707 4303 1843 4344 cum
1874 4285 2239 4365 reipublicae
2282 4288 2548 4365 periculo
2590 4286 2908 4347 coniuncta
2945 4291 3127 4343 esset.

653 4378 746 4440 Ex
801 4381 994 4458 capite
1048 4380 1084 4440 9
1143 4389 1345 4439 tamen
1411 4390 1654 4460 apparet
1714 4391 2011 4442 oratorem
2061 4384 2329 4445 nondum
2387 4385 2627 4447 iussisse
2678 4378 2997 4443 Catilinam
3064 4381 3128 4439 in

655 4478 934 4537 exsilium
975 4479 1094 4537 ire:
1151 4477 1364 4538 verba:
1424 4480 1758 4559 »egredere
1812 4498 1887 4539 ex
1928 4480 2079 4541 urbe
2121 4516 2202 4527 -—
2242 4483 2306 4541 in
2358 4482 2635 4541 exsilium
2677 4475 3059 4557 proficiscere
3076 4473 3127 4542 ,’'

657 4572 732 4632 ab
769 4582 1006 4633 oratore
1035 4573 1196 4633 dicta
1230 4592 1360 4633 esse
1399 4573 1686 4634 videntur
1722 4584 1791 4635 ut
1828 4573 2148 4637 Senatores
2191 4576 2338 4656 quid
2374 4577 2672 4636 sentirent
2708 4574 3125 4634 demonstrare

655 4679 926 4748 possent:
977 4691 1098 4749 qua
1148 4670 1211 4729 in
1263 4689 1330 4729 re
1382 4670 1605 4731 iterum
1651 4670 2045 4731 vehementer
2086 4682 2293 4751 peccat
2341 4681 2572 4740 nostem
2618 4688 2756 4729 nam
2804 4677 3126 4747 postquam

655 4761 913 4825 Senatus
955 4774 1100 4827 noto
1136 4765 1380 4827 decreto
1412 4766 1842 4845 rempublicam
1878 4769 2223 4830 consulibus
2264 4769 2563 4847 permisit,
2606 4766 2964 4827 Senatorum
3000 4780 3125 4822 non
