3375 5500
1453 400 1572 462 .33

303 605 654 682 fortissimi
703 603 906 690 civiS‚
960 605 1080 702 qui
1131 606 1579 679 circumstant
1626 612 1979 693 senatum,
2031 628 2325 704 quorum
2376 613 2457 681 tu
2504 617 2574 682 et
2616 611 2746 684 fre-

305 737 661 836 quentiam
735 732 961 806 videre
1004 741 1073 806 et
1117 734 1348 808 studia
1389 735 1735 835 perpicere
1780 741 1851 806 et
1905 728 2097 808 voces
2147 737 2380 833 paullo
2423 744 2582 810 ante
2632 763 2747 812 ex-

299 865 539 939 audire
588 863 895 962 potuisti.
999 864 1320 940 Quorum
1386 889 1516 962 ego
1575 863 1687 936 vix
1746 862 1873 937 abs
1930 870 2002 936 te
2055 863 2321 937 iamdiu
2374 889 2623 938 manus
2669 893 2749 940 ac

293 993 430 1066 tela
502 991 822 1066 contineo
837 1049 856 1078 ‚
930 991 1209 1066 eosdem
1285 991 1482 1065 facile
1545 991 1886 1065 adducam
1908 1049 1929 1078 ,
1996 997 2079 1064 ut
2149 998 2219 1066 te
2291 992 2459 1067 haec
2480 1052 2499 1081 ,
2574 1021 2750 1093 quae

294 1121 706 1220 iampridem
753 1127 1019 1196 vastare
1070 1122 1168 1213 ⁵²)
1229 1121 1467 1195 studes
1487 1178 1506 1207 ,
1557 1120 2064 1220 relinquentem
2109 1145 2331 1218 usque
2376 1123 2467 1196 ad
2518 1131 2750 1220 portas

289 1256 814 1348 prosequantur.
1948 1233 1955 1240 ’

387 1377 520 1450 ΙΧ.
575 1381 694 1456 22.
745 1379 1195 1474 Quamquam
1241 1377 1414 1475 quid
1457 1377 1751 1474 loquor?
1850 1378 1948 1452 'I'e
1990 1383 2070 1451 ut
2105 1378 2247 1452 ulla
2279 1403 2388 1453 res
2422 1379 2743 1480 frangat?

294 1514 379 1580 tu
428 1514 510 1580 ut
551 1530 866 1604 unquam
910 1513 980 1580 te
1029 1506 1378 1604 corrigas?
1429 1513 1510 1579 tu
1563 1513 1639 1580 ut
1690 1505 1904 1580 ullam
1948 1506 2190 1606 fugam
2236 1508 2615 1584 meditere?
2662 1518 2744 1584 tu

287 1641 370 1707 ut
409 1635 631 1708 ullum
670 1634 990 1708 exsilium
1023 1635 1330 1733 cogites?
1416 1635 1705 1708 Utinam
1746 1633 1878 1709 tibi
1916 1635 2121 1710 istam
2160 1644 2464 1714 mentem
2507 1640 2605 1720 dii
2636 1640 2735 1732 5³)

285 1763 706 1838 immortales
761 1762 1003 1850 duint,
1069 1763 1346 1837 tametsi
1396 1763 1595 1836 video
1641 1763 1701 1836 si
1757 1787 1913 1838 mea
1956 1787 2119 1838 voce
2181 1767 2583 1863 perterritus
2636 1769 2736 1842 ire

285 1890 356 1964 in
435 1891 756 1965 exsilium
827 1893 1139 1965 animum
1213 1891 1604 1979 induxeriS‚
1674 1899 1937 1990 quanta
2001 1898 2375 1992 tempestas
2440 1895 2739 1972 invidiae

285 2019 518 2107 nobie,
571 2019 631 2092 si
685 2021 920 2094 minus
977 2021 1050 2094 in
1106 2045 1428 2119 praesens
1486 2027 1799 2120 tempuS,
1835 2014 2105 2096 'recenti
2154 2023 2482 2098 memoria
2530 2025 2737 2100 scele-

285 2173 440 2222 rum
493 2155 772 2222 tuorum
792 2208 811 2237 ,
880 2156 955 2224 at
1004 2149 1078 2223 in
1128 2150 1602 2248 posteritatem
1653 2150 2071 2249 impendeat.
2174 2151 2313 2226 Sed
2368 2160 2475 2226 est
2521 2155 2737 2244 tanti,

369 2303 432 2377 ⁵²)
466 2315 665 2361 vastare
699 2311 800 2360 iam
835 2311 1046 2376 pridem.
1185 2307 1247 2376 ⁵³)
1282 2311 1350 2361 di.

273 2605 407 2684 ipso
434 2601 677 2662 rhetore
693 2648 708 2670 ,
731 2610 886 2661 teste
908 2602 1207 2681 locuplete
1224 2649 1239 2672 ‚
1271 2603 1523 2663 indicari
1546 2612 1768 2683 potest:
1792 2603 2001 2664 scribit
2024 2604 2209 2663 enim:
2234 2629 2259 2657 n
2274 2623 2531 2684 quorum
2554 2605 2739 2687 (equi-

272 2699 426 2781 tum)
464 2715 640 2759 voces
675 2698 854 2778 paulo
890 2707 1031 2759 ante
1063 2698 1339 2759 eoeaudire
1357 2700 1644 2778 potuisti,
1680 2700 1719 2761 i.
1742 2717 1793 2760 c.
1816 2719 1889 2761 em
1912 2699 2215 2781 lonqinquo
2236 2702 2441 2763 audire
2459 2705 2741 2785 potuisti;

270 2816 392 2875 qua
427 2796 556 2875 ipsa
590 2796 654 2856 in
689 2813 757 2854 re
793 2794 996 2855 denuo
1031 2796 1260 2874 aliquid
1295 2806 1421 2865 cst,
1457 2798 1618 2876 quod
1655 2795 2257 2859 animadvertendum
2292 2818 2423 2861 esse
2445 2802 2742 2864 videatur.

267 2888 524 2960 Quando
579 2893 741 2952 enim
797 2891 1116 2953 exauditae
1174 2902 1317 2952 sunt
1359 2912 1537 2954 voces
1579 2894 1719 2954 illae
1761 2893 2075 2973 equitum?
2160 2894 2365 2956 Oratio
2398 2895 2605 2958 habita
2648 2910 2743 2959 est.

264 2987 396 3049 sine
447 2987 636 3049 dubio
683 2987 859 3049 initio
917 2998 1194 3057 senatus;
1250 2990 1438 3068 igitur
1480 3007 1667 3067 quum
1718 2988 1925 3049 Cicero
1975 2990 2093 3048 iam
2150 2991 2334 3050 verba
2377 2992 2632 3053 faciebat
2674 2996 2742 3055 in

263 3081 584 3143 Catilinam
647 3092 716 3143 ut
779 3081 1052 3145 Halmius
1116 3086 1383 3164 scripsit,
1437 3084 1537 3145 cui
1598 3082 1751 3145 nihil
1814 3093 1938 3144 tam
1995 3084 2237 3145 difficile
2300 3104 2431 3147 esse
2494 3089 2739 3150 videtur

262 3179 413 3257 quin
463 3179 746 3258 explicari
803 3179 1018 3259 possit:
1077 3205 1102 3233 ι»
1113 3181 1289 3259 paulo
1338 3187 1472 3241 ante
1513 3181 1789 3241 exaudire
1844 3179 2085 3242 bezieht
2133 3182 2259 3243 sich
2304 3184 2414 3244 aus
2448 3181 2736 3245 Verwiin-

260 3274 696 3355 sehungsrusc,
737 3274 836 3335 die
874 3274 1169 3336 wahrend
1197 3275 1308 3336 der
1344 3274 1542 3345 Rede,
1582 3277 1891 3339 vielleicht
1926 3275 2082 3337 nach
2112 3278 2222 3338 der
2258 3278 2737 3361 Aufforderung,

258 3371 358 3434 die
404 3369 580 3431 Stadt
613 3392 690 3431 zu
725 3371 1031 3433 verlassen
1047 3416 1063 3441 ,
1105 3372 1326 3453 ersolgt
1353 3392 1578 3433 waren.
1660 3408 1743 3419 -
1777 3372 2148 3435 circumstant
2180 3380 2452 3436 senatum.
2496 3374 2739 3438 Utrum-

258 3485 378 3545 que
416 3466 778 3528 vocabulum
819 3487 1089 3529 errorem
1131 3471 1434 3541 continet;
1477 3472 1715 3551 equites
1764 3472 1929 3531 enim
1964 3479 2035 3531 ut
2076 3470 2205 3531 dixi
2248 3483 2423 3533 erant
2458 3475 2735 3537 collocati

255 3562 318 3623 in
355 3562 516 3623 clivo
557 3562 924 3644 Capitolino,
967 3566 1257 3645 signifero
1295 3576 1358 3627 et
1386 3568 1654 3647 principe
1694 3567 1927 3637 Attico;
1967 3566 2096 3647 (Ep.
2130 3566 2206 3627 ad
2242 3566 2364 3627 Att.
2401 3566 2470 3629 ΙΙ.
2504 3571 2557 3628 1.
2587 3569 2635 3649 S
2660 3571 2734 3653 7.)

255 3658 451 3737 igitur
505 3676 627 3719 non
667 3661 1138 3723 circumstabant
1179 3674 1484 3723 senatum:
1527 3663 1690 3743 quod
1738 3664 1789 3723 si
1830 3664 2141 3731 fecissent,
2184 3681 2307 3722 non
2348 3664 2734 3728 scribendum

253 3753 473 3813 fuisset
523 3762 782 3817 senatum
796 3802 812 3826 ,
869 3758 977 3818 sed
1039 3758 1264 3819 cariam
1315 3760 1775 3819 circumstabant.
1858 3790 1938 3804 -—-
1992 3775 2201 3818 manas
2250 3759 2517 3819 contineo.
2582 3758 2732 3821 Con-

213 3871 215 3873 ·
253 3848 455 3909 tinere
503 3868 750 3915 manum
799 3864 906 3914 aut
955 3872 1169 3916 manus
1205 3856 1258 3916 is
1299 3855 1418 3916 dici
1467 3864 1689 3935 potest,
1735 3856 1842 3933 qui
1884 3856 2011 3934 ipse
2058 3872 2273 3914 manus
2314 3874 2437 3917 non
2472 3857 2729 3935 proiicit.

253 3944 392 4007 Non
431 3956 634 4026 potest
673 3960 878 4011 tamen
921 3952 1074 4014 alius
1117 3953 1368 4015 alterius
1407 3971 1624 4013 manus
1664 3954 1997 4015 continere.

339 4041 697 4122 Quamquam
737 4046 874 4125 qaid
918 4047 1114 4127 loquor
1149 4082 1390 4095 -----—
1425 4050 1476 4111 si
1515 4050 1580 4109 in
1615 4048 1884 4109 emiliam
1913 4048 2074 4109 iussu
2108 4048 2359 4109 consulis
2387 4050 2528 4113 ieris
2560 4051 2725 4111 sasti-

251 4136 408 4195 nebo.
491 4170 574 4184 --
607 4146 670 4200 ta
701 4148 765 4201 ut
799 4142 1067 4203 exsilium
1101 4145 1329 4223 cogitas.
1393 4143 1520 4205 Hoc
1556 4143 1839 4206 Latinum
1874 4158 1997 4205 non
2032 4152 2156 4213 est,
2193 4163 2304 4205 nec
2340 4145 2459 4205 dici
2494 4153 2725 4225 potest;

251 4231 534 4293 exsilium
575 4238 738 4312 enim
782 4239 1058 4319 ponitur,
1098 4241 1240 4302 licet
1282 4260 1628 4323 perperam,
1669 4242 1895 4321 ubique
1940 4261 1973 4301 a
2015 4250 2228 4303 nostro
2266 4261 2378 4321 pro
2418 4260 2519 4310 eo,
2561 4244 2725 4321 quod

251 4348 484 4407 poenae
526 4331 659 4395 loco
695 4344 818 4406 est;
862 4346 922 4396 at
960 4337 1114 4399 illud
1147 4358 1270 4400 non
1312 4340 1674 4419 cogitamus:
1726 4338 1859 4418 quis
1902 4358 1954 4399 v.
1991 4358 2040 4399 c.
2084 4352 2351 4416 unquam
2395 4354 2721 4407 carcerem,

249 4427 390 4503 quis
417 4428 658 4491 vincula
686 4433 784 4493 vel
809 4433 1062 4494 verbera
1089 4436 1412 4515 cogitavit?
1461 4470 1543 4481 —-
1563 4435 1746 4497 duint.
1788 4434 1997 4515 Inepta
2028 4434 2347 4497 affectatio.
2404 4468 2488 4481 --
2506 4440 2724 4515 quanta

251 4526 553 4600 tempestas
592 4525 858 4589 invidiae.
941 4526 1074 4591 Non
1129 4531 1406 4611 intelligo
1462 4531 1624 4593 unde
1680 4532 1783 4592 illa
1846 4531 2073 4594 invidia
2134 4548 2296 4593 nunc
2340 4542 2461 4593 tam
2518 4530 2721 4593 subito

250 4616 512 4695 pullulet
564 4620 795 4685 rhetori
850 4634 1086 4695 nostro,
1149 4635 1212 4687 ct
1265 4628 1362 4688 vel
1419 4636 1666 4708 propter
1726 4627 1891 4689 hunc
1940 4646 2129 4689 unum
2183 4628 2381 4689 locum
2424 4628 2719 4690 affirmare

251 4712 470 4785 ausim,
514 4718 846 4783 orationem
888 4730 1096 4801 pos-tea
1153 4736 1283 4785 esse
1331 4722 1666 4789 conflatam.
1754 4723 1869 4794 Qui
1918 4727 2147 4789 scilicet
2188 4724 2502 4786 Catilinam
2544 4724 2719 4785 bonis

2302 4834 2401 4900 6*
