3375 5500
1720 429 1984 440 .----...—.-¹

610 640 750 702 aliis
823 633 1092 698 Tulliani
1158 633 1385 716 inqenii
1445 629 1838 694 monumentis
1896 646 2312 710 compararem
2326 679 2347 708 ,
2407 651 2475 695 eo
2537 635 2684 715 plus
2758 635 3085 700 dubitandi

607 788 1004 848 succresceret
1064 783 1237 864 copia
1254 829 1274 858 ,
1331 779 1572 842 tandem
1593 827 1614 856 ,
1677 798 1863 861 quum
1902 799 2268 862 persuasum
2322 783 2472 845 mihi
2527 789 2675 846 esset
2736 787 3091 850 Ciceronem

605 939 761 998 lianc
825 937 1156 998 orationem
1245 928 1508 992 scribere
1576 947 1694 991 non
1766 933 2038 1010 potuisse
2053 981 2073 1008 ,
2149 934 2313 1000 nolui
2387 935 2457 996 id
2529 937 2691 1018 quod
2760 938 3090 1002 sentiebam

603 1106 879 1174 premere
893 1133 914 1164 ,
985 1104 1172 1168 quum
1235 1081 1404 1163 apud
1471 1101 1563 1144 me
1636 1085 1859 1143 constet
1876 1128 1897 1157 ,
1960 1083 2025 1144 in
2056 1131 2067 1146 ,
2103 1083 2199 1144 his
2268 1084 2487 1146 studiis
2504 1132 2525 1161 ,
2596 1105 2751 1169 quae
2827 1086 3089 1150 liberum

608 1235 902 1298 hominem
969 1207 1246 1308 deceant,
1323 1230 1480 1292 nihil
1559 1248 1682 1290 esse
1741 1231 1983 1310 turpius
2043 1250 2226 1313 quam
2290 1233 2388 1309 id,
2464 1235 2627 1317 quod
2691 1256 2901 1300 verum
2964 1257 3093 1300 esse

607 1392 780 1470 putes
823 1404 940 1447 non
971 1381 1300 1465 proferre,
1345 1381 1629 1463 quoniam
1673 1401 1713 1442 a
1757 1385 1814 1442 te
1857 1381 2204 1444 melioribus
2248 1381 2586 1446 dissentias.

699 1537 910 1600 Multa
963 1538 1103 1596 sunt
1117 1581 1138 1610 ,
1205 1535 1366 1593 certo
1423 1531 1580 1607 scio,
1639 1550 1793 1614 quae
1835 1551 1952 1593 non
2000 1532 2089 1593 ita
2136 1537 2401 1594 tractata
2448 1539 2585 1596 sunt
2602 1582 2621 1612 ,
2668 1536 2816 1618 quin
2870 1537 3087 1619 auyeri

612 1691 670 1748 et
711 1686 924 1748 melius
974 1683 1097 1746 dici
1128 1682 1365 1764 possint
1383 1707 1408 1755 ,·
1453 1679 1643 1740 multa
1700 1679 1883 1742 etiam
1930 1682 2193 1744 consulto
2243 1683 2415 1744 omisi
2432 1712 2457 1758 ,·
2503 1683 2694 1745 multa
2742 1689 2881 1746 sunt
2930 1704 3093 1768 quae

611 1836 948 1900 uberiorem
1000 1832 1338 1894 doctrinam
1392 1830 1711 1912 requirunt
1726 1877 1746 1905 ‚
1811 1831 2001 1892 multa
2053 1831 2119 1892 in
2166 1830 2380 1912 quibus
2423 1833 2543 1894 alio
2601 1831 2861 1914 quodam
2910 1829 3088 1893 modo

612 1988 885 2046 erratum
922 1984 1028 2043 est.
1123 1979 1245 2052 Qui
1290 1997 1430 2041 vero
1481 1979 1733 2039 meliora
1772 1976 1982 2039 docere
2036 1983 2093 2039 et
2125 1979 2319 2059 plura
2367 1980 2704 2062 producere
2759 1983 2902 2045 velit
2916 2030 2937 2059 ,
2993 1983 3096 2045 vel

610 2131 768 2196 illud
784 2159 803 2194 .·
878 2157 912 2189 n
933 2130 1170 2212 maynis
1225 2127 1450 2190 eoecidit
1505 2125 1715 2189 ausis''
1780 2127 1853 2188 de
1923 2146 2016 2188 me
2082 2127 2284 2190 valere
2349 2128 2739 2210 probaverit,
2804 2133 2860 2192 is
2930 2133 3088 2194 sciat

611 2283 768 2346 nihil
826 2281 975 2344 mihi
1048 2279 1388 2361 reliyiosius
1442 2276 1596 2358 sore
1609 2323 1630 2353 ,
1700 2297 1882 2360 quam
1937 2277 2042 2339 ubi-
2112 2280 2482 2360 arqumentis
2554 2285 2611 2342 et
2680 2281 2741 2342 vi
2808 2281 3090 2342 veritatis

614 2432 918 2496 convictus
948 2427 1146 2510 fuero
1159 2476 1180 2505 ,
1230 2426 1479 2490 libenter
1532 2433 1588 2488 et
1639 2428 1802 2489 ultro
1846 2447 2060 2490 manus
2124 2428 2291 2492 dare.

707 2583 780 2644 Si
840 2580 991 2664 quid
1059 2583 1268 2642 contra
1341 2578 1483 2640 huic
1537 2596 1707 2639 meae
1783 2579 2009 2660 opellae
2068 2578 2251 2642 bonae
2300 2578 2525 2662 fruyis
2576 2581 2795 2657 inerit,
2856 2582 2911 2642 si
2964 2599 3087 2662 qua

613 2733 970 2796 inventionis
1032 2733 1167 2793 laus
1183 2779 1202 2807 ,
1267 2731 1354 2794 ad
1433 2731 1539 2793 Te'
1581 2729 1741 2793 illud
1800 2729 2190 2812 referendum
2252 2735 2341 2793 est
2411 2730 2807 2795 Celeberrime
2865 2730 3045 2795 Bmz
3061 2779 3082 2808 ,

613 2900 788 2967 quem
869 2881 1287 2942 Promotorem
1381 2881 1530 2942 milii
1607 2881 1923 2962 contiyisse
2000 2880 2237 2962 qaudeo
2311 2884 2795 2964 vehementerque
2875 2882 3086 2949 laetor.

613 3030 900 3113 Amplius
948 3030 1107 3091 enim
1169 3029 1496 3091 triennium
1557 3034 1645 3092 est
1707 3048 1784 3091 eoe
1848 3049 1963 3112 quo
2010 3030 2369 3113 siqnificasti
2431 3030 2706 3111 primam
2758 3030 3093 3092 orationem

580 3182 678 3259 ,in
767 3179 1098 3241 Catilinam
1181 3179 1467 3241 Cicerone
1543 3180 1857 3262 indiynam
1946 3178 2080 3239 Tibi
2155 3176 2351 3239 videri
2365 3206 2391 3251 ,·
2453 3183 2664 3259 postea
2741 3176 3094 3240 lectionibus

613 3332 1000 3396 Academicis
1055 3350 1164 3393 cur
1212 3332 1304 3393 itd
1354 3350 1621 3393 censeres
1675 3328 1845 3390 nobis
1896 3327 2239 3407 eoeplicuisti
2255 3374 2276 3402 ,
2323 3327 2586 3409 mihique
2638 3348 2823 3411 quum
2884 3328 2964 3389 Te
3014 3328 3089 3389 de

612 3482 1051 3545 dissertationis
1098 3486 1449 3563 aryumento
1488 3476 1865 3541 consulebam
1882 3524 1903 3552 ,
1948 3494 2066 3536 non
2112 3474 2303 3535 solum
2342 3475 2580 3536 veniam
2620 3474 2839 3537 dedisti
2875 3481 2941 3537 ut
2990 3476 3087 3552 id,

612 3631 776 3716 quod
837 3632 930 3693 Tu
969 3631 1294 3693 invenisses
1309 3676 1327 3703 ‚
1375 3646 1446 3688 ac
1504 3627 1560 3688 si
1614 3645 1747 3687 mea
1803 3625 2061 3688 inventio
2122 3629 2271 3687 esset
2332 3624 2565 3685 ederem
2621 3625 2687 3686 in
2733 3624 3049 3706 publicum
3066 3674 3087 3701 ,

611 3802 822 3846 verum
869 3781 1053 3843 etiam
1099 3784 1167 3841 ut
1222 3777 1478 3859 eyreyiis
1536 3775 1660 3837 illis
1708 3775 1994 3839 subsidiis
2010 3822 2030 3853 ,
2077 3795 2230 3859 quae
2301 3776 2391 3837 Tu
2449 3774 2619 3836 nobis
2664 3773 3089 3855 suppeditave-

614 3951 753 4006 ras,
811 3949 930 4011 pro
988 3928 1163 3989 libitu
1233 3930 1455 3988 uterer.
1519 3961 1612 3973 -
1679 3925 1806 3987 Sed
1858 3944 1975 3987 non
2026 3926 2135 3985 boc
2208 3924 2401 3985 solum
2467 3926 2587 3999 est,
2657 3922 2820 4007 quod
2870 3923 2943 3985 de
3004 3925 3087 3985 Te

605 4082 824 4161 yratus
867 4076 1107 4137 animus
1143 4073 1357 4155 palam
1394 4074 1678 4157 profiteri
1726 4093 1819 4134 me
1855 4072 2059 4134 iubeat
2070 4100 2097 4145 ,·
2142 4091 2217 4133 ea·
2268 4090 2382 4154 quo
2429 4073 2589 4134 enim
2640 4072 2725 4135 ad
2780 4073 2861 4134 Te
2908 4072 3081 4147 veni,

561 4212 564 4216 ⁵
613 4231 671 4288 et
737 4225 846 4287 diu
898 4225 1026 4285 iam
1095 4228 1218 4299 est,
1284 4223 1446 4307 quod
1505 4225 1614 4284 hoc
1682 4225 1833 4286 milii
1894 4223 2104 4285 datum
2170 4228 2292 4300 est,
2359 4224 2546 4285 tantis
2621 4210 2917 4306 beneficiis
2991 4241 3085 4281 me

610 4373 1024 4450 obstrinxisti,
1089 4392 1223 4434 eum
1277 4391 1510 4455 semper
1595 4375 1675 4435 Te
1729 4393 1875 4455 erya
1932 4391 2024 4434 me
2067 4372 2435 4453 praestitisti
2503 4376 2569 4433 ut
2612 4370 2827 4453 quibus
2882 4368 3085 4432 verbis

603 4523 846 4606 qratia-s
911 4521 1048 4584 Tibi
1101 4542 1282 4605 aqam
1300 4568 1320 4599 ,
1365 4542 1481 4584 non
1527 4522 1799 4589 habeam.
1899 4521 2185 4597 Utinam,
2230 4526 2297 4582 ut
2352 4539 2505 4603 quae
2560 4518 2695 4581 Tibi
2744 4521 3081 4601 optavimus

604 4676 776 4757 ‚qrati
818 4674 1152 4757 discupuli,
1207 4693 1391 4757 quum
1434 4693 1553 4755 per
1611 4678 1737 4737 octo
1788 4674 1982 4737 lustra
2026 4672 2270 4755 publico
2314 4671 2562 4735 docendi
2613 4690 2854 4733 munere
2882 4669 3083 4751 func-
