<?xml version="1.0" encoding="UTF-8"?>
<!DOCTYPE html PUBLIC "-//W3C//DTD XHTML 1.0 Transitional//EN"
    "http://www.w3.org/TR/xhtml1/DTD/xhtml1-transitional.dtd">
<html xmlns="http://www.w3.org/1999/xhtml" xml:lang="en" lang="en">
 <head>
  <title>
</title>
<meta http-equiv="Content-Type" content="text/html;charset=utf-8" />
  <meta name='ocr-system' content='tesseract 3.04.00' />
  <meta name='ocr-capabilities' content='ocr_page ocr_carea ocr_par ocr_line ocrx_word'/>
</head>
<body>
  <div class='ocr_page' id='page_1' title='image "./disputatiodeora00cicegoog_0030.png"; bbox 0 0 3375 5500; ppageno 0'>
   <div class='ocr_carea' id='block_1_1' title="bbox 15 39 19 1026">
    <p class='ocr_par' dir='ltr' id='par_1_1' title="bbox 15 39 19 1026">
     <span class='ocr_line' id='line_1_1' title="bbox 15 39 19 1026; baseline 0 0"><span class='ocrx_word' id='word_1_1' title='bbox 15 39 19 1026; x_wconf 95' lang='lat' dir='ltr'> </span> 
     </span>
    </p>
   </div>
   <div class='ocr_carea' id='block_1_2' title="bbox 607 455 703 500">
    <p class='ocr_par' dir='ltr' id='par_1_2' title="bbox 607 455 703 500">
     <span class='ocr_line' id='line_1_2' title="bbox 607 455 703 500; baseline -0.021 0"><span class='ocrx_word' id='word_1_2' title='bbox 607 455 703 500; x_wconf 87' lang='lat' dir='ltr'>xn</span> 
     </span>
    </p>
   </div>
   <div class='ocr_carea' id='block_1_3' title="bbox 606 639 3097 3963">
    <p class='ocr_par' dir='ltr' id='par_1_3' title="bbox 606 639 3067 845">
     <span class='ocr_line' id='line_1_3' title="bbox 609 639 3067 727; baseline -0.001 -17"><span class='ocrx_word' id='word_1_3' title='bbox 609 665 755 710; x_wconf 89' lang='lat' dir='ltr'>rum</span> <span class='ocrx_word' id='word_1_4' title='bbox 799 643 870 705; x_wconf 92' lang='lat' dir='ltr'>in</span> <span class='ocrx_word' id='word_1_5' title='bbox 897 640 1246 726; x_wconf 78' lang='lat' dir='ltr'>suppositis</span> <span class='ocrx_word' id='word_1_6' title='bbox 1285 639 1614 706; x_wconf 82' lang='lat' dir='ltr'>Ciceronis</span> <span class='ocrx_word' id='word_1_7' title='bbox 1658 640 1871 718; x_wconf 87' lang='lat' dir='ltr'>libris,</span> <span class='ocrx_word' id='word_1_8' title='bbox 1920 643 2103 707; x_wconf 90' lang='lat' dir='ltr'>cuius</span> <span class='ocrx_word' id='word_1_9' title='bbox 2152 642 2245 708; x_wconf 89' lang='lat' dir='ltr'>rei</span> <span class='ocrx_word' id='word_1_10' title='bbox 2286 641 2555 725; x_wconf 87' lang='lat' dir='ltr'>vestigia</span> <span class='ocrx_word' id='word_1_11' title='bbox 2602 662 2671 706; x_wconf 91' lang='lat' dir='ltr'>se</span> <span class='ocrx_word' id='word_1_12' title='bbox 2718 641 3067 727; x_wconf 79' lang='lat' dir='ltr'>repperisse</span> 
     </span>
     <span class='ocr_line' id='line_1_4' title="bbox 606 747 1843 845; baseline -0.003 -17"><span class='ocrx_word' id='word_1_13' title='bbox 606 747 857 829; x_wconf 75' lang='lat' dir='ltr'>notavit</span> <span class='ocrx_word' id='word_1_14' title='bbox 902 761 1092 825; x_wconf 91' lang='lat' dir='ltr'><strong>Wolf</strong></span> <span class='ocrx_word' id='word_1_15' title='bbox 1127 760 1199 824; x_wconf 90' lang='lat' dir='ltr'>in</span> <span class='ocrx_word' id='word_1_16' title='bbox 1243 760 1668 825; x_wconf 70' lang='lat' dir='ltr'>Marcelliano.</span> <span class='ocrx_word' id='word_1_17' title='bbox 1726 764 1843 845; x_wconf 78' lang='lat'>⁵³).</span> 
     </span>
    </p>

    <p class='ocr_par' dir='ltr' id='par_1_4' title="bbox 607 880 3081 2883">
     <span class='ocr_line' id='line_1_5' title="bbox 627 880 3063 966; baseline -0 -19"><span class='ocrx_word' id='word_1_18' title='bbox 627 929 632 936; x_wconf 89' lang='lat'>-</span> <span class='ocrx_word' id='word_1_19' title='bbox 696 882 801 948; x_wconf 91' lang='lat' dir='ltr'>De</span> <span class='ocrx_word' id='word_1_20' title='bbox 867 880 1048 946; x_wconf 88' lang='lat' dir='ltr'>libris</span> <span class='ocrx_word' id='word_1_21' title='bbox 1109 881 1404 966; x_wconf 86' lang='lat' dir='ltr'>plurimis</span> <span class='ocrx_word' id='word_1_22' title='bbox 1472 881 1821 966; x_wconf 85' lang='lat' dir='ltr'>suppositis</span> <span class='ocrx_word' id='word_1_23' title='bbox 1898 881 2227 965; x_wconf 87' lang='lat' dir='ltr'>egregium</span> <span class='ocrx_word' id='word_1_24' title='bbox 2301 880 2547 966; x_wconf 77' lang='lat' dir='ltr'>profert</span> <span class='ocrx_word' id='word_1_25' title='bbox 2617 881 3063 947; x_wconf 87' lang='lat' dir='ltr'>testimonium</span> 
     </span>
     <span class='ocr_line' id='line_1_6' title="bbox 608 1000 3070 1090; baseline -0.002 -21"><span class='ocrx_word' id='word_1_26' title='bbox 608 1001 1092 1069; x_wconf 76' lang='lat' dir='ltr'>Quinctilianus</span> <span class='ocrx_word' id='word_1_27' title='bbox 1155 1001 1256 1065; x_wconf 91' lang='lat' dir='ltr'>his</span> <span class='ocrx_word' id='word_1_28' title='bbox 1320 1001 1526 1068; x_wconf 89' lang='lat' dir='ltr'>verbis</span> <span class='ocrx_word' id='word_1_29' title='bbox 1570 1001 1701 1090; x_wconf 74' lang='lat'>⁵4):</span> <span class='ocrx_word' id='word_1_30' title='bbox 1778 1028 1813 1062; x_wconf 75' lang='lat' dir='ltr'>a</span> <span class='ocrx_word' id='word_1_31' title='bbox 1833 1023 1962 1086; x_wconf 90' lang='lat' dir='ltr'>quo</span> <span class='ocrx_word' id='word_1_32' title='bbox 2040 1000 2304 1085; x_wconf 90' lang='lat' dir='ltr'>quidem</span> <span class='ocrx_word' id='word_1_33' title='bbox 2355 1000 2449 1065; x_wconf 87' lang='lat' dir='ltr'>ita</span> <span class='ocrx_word' id='word_1_34' title='bbox 2498 1022 2714 1067; x_wconf 83' lang='lat' dir='ltr'>severe</span> <span class='ocrx_word' id='word_1_35' title='bbox 2767 1008 2922 1067; x_wconf 87' lang='lat' dir='ltr'>sunt</span> <span class='ocrx_word' id='word_1_36' title='bbox 2969 1002 3070 1065; x_wconf 89' lang='lat' dir='ltr'>usi</span> 
     </span>
     <span class='ocr_line' id='line_1_7' title="bbox 607 1120 3071 1206; baseline -0.001 -18"><span class='ocrx_word' id='word_1_37' title='bbox 607 1127 852 1188; x_wconf 87' lang='lat' dir='ltr'>veteres</span> <span class='ocrx_word' id='word_1_38' title='bbox 898 1122 1330 1205; x_wconf 80' lang='lat' dir='ltr'>grammatici,</span> <span class='ocrx_word' id='word_1_39' title='bbox 1373 1128 1452 1187; x_wconf 90' lang='lat' dir='ltr'>ut</span> <span class='ocrx_word' id='word_1_40' title='bbox 1489 1145 1624 1187; x_wconf 91' lang='lat' dir='ltr'>non</span> <span class='ocrx_word' id='word_1_41' title='bbox 1670 1142 1889 1187; x_wconf 84' lang='lat' dir='ltr'>versus</span> <span class='ocrx_word' id='word_1_42' title='bbox 1934 1120 2131 1186; x_wconf 91' lang='lat' dir='ltr'>modo</span> <span class='ocrx_word' id='word_1_43' title='bbox 2164 1121 2457 1186; x_wconf 89' lang='lat' dir='ltr'>censoria</span> <span class='ocrx_word' id='word_1_44' title='bbox 2500 1121 2779 1206; x_wconf 87' lang='lat' dir='ltr'>quadam</span> <span class='ocrx_word' id='word_1_45' title='bbox 2822 1121 3071 1206; x_wconf 86' lang='lat' dir='ltr'>virgula</span> 
     </span>
     <span class='ocr_line' id='line_1_8' title="bbox 608 1240 3070 1326; baseline -0.002 -18"><span class='ocrx_word' id='word_1_46' title='bbox 608 1248 835 1308; x_wconf 89' lang='lat' dir='ltr'>notare</span> <span class='ocrx_word' id='word_1_47' title='bbox 899 1248 966 1306; x_wconf 89' lang='lat' dir='ltr'>et</span> <span class='ocrx_word' id='word_1_48' title='bbox 1029 1241 1228 1306; x_wconf 91' lang='lat' dir='ltr'>libros</span> <span class='ocrx_word' id='word_1_49' title='bbox 1244 1290 1265 1319; x_wconf 93' lang='lat'>,</span> <span class='ocrx_word' id='word_1_50' title='bbox 1335 1242 1447 1325; x_wconf 87' lang='lat' dir='ltr'>qui</span> <span class='ocrx_word' id='word_1_51' title='bbox 1494 1242 1660 1306; x_wconf 88' lang='lat' dir='ltr'>falso</span> <span class='ocrx_word' id='word_1_52' title='bbox 1707 1242 2077 1306; x_wconf 88' lang='lat' dir='ltr'>viderentur</span> <span class='ocrx_word' id='word_1_53' title='bbox 2118 1240 2411 1326; x_wconf 89' lang='lat' dir='ltr'>inscripti</span> <span class='ocrx_word' id='word_1_54' title='bbox 2434 1289 2455 1318; x_wconf 89' lang='lat'>,</span> <span class='ocrx_word' id='word_1_55' title='bbox 2499 1248 2811 1326; x_wconf 90' lang='lat' dir='ltr'>tanquam</span> <span class='ocrx_word' id='word_1_56' title='bbox 2852 1241 3070 1307; x_wconf 89' lang='lat' dir='ltr'>subdi-</span> 
     </span>
     <span class='ocr_line' id='line_1_9' title="bbox 608 1359 3072 1446; baseline -0.002 -19"><span class='ocrx_word' id='word_1_57' title='bbox 608 1363 789 1428; x_wconf 91' lang='lat' dir='ltr'>titios</span> <span class='ocrx_word' id='word_1_58' title='bbox 843 1381 1246 1427; x_wconf 86' lang='lat' dir='ltr'>summovere</span> <span class='ocrx_word' id='word_1_59' title='bbox 1303 1361 1550 1426; x_wconf 84' lang='lat' dir='ltr'>familia</span> <span class='ocrx_word' id='word_1_60' title='bbox 1603 1361 2015 1446; x_wconf 82' lang='lat' dir='ltr'>permiserint</span> <span class='ocrx_word' id='word_1_61' title='bbox 2066 1359 2191 1424; x_wconf 89' lang='lat' dir='ltr'>sibi</span> <span class='ocrx_word' id='word_1_62' title='bbox 2208 1407 2229 1436; x_wconf 89' lang='lat'>,</span> <span class='ocrx_word' id='word_1_63' title='bbox 2282 1360 2398 1424; x_wconf 89' lang='lat' dir='ltr'>sed</span> <span class='ocrx_word' id='word_1_64' title='bbox 2437 1366 2735 1427; x_wconf 82' lang='lat' dir='ltr'>auctores</span> <span class='ocrx_word' id='word_1_65' title='bbox 2756 1422 2763 1426; x_wconf 89' lang='lat'>.</span> <span class='ocrx_word' id='word_1_66' title='bbox 2784 1361 2946 1426; x_wconf 89' lang='lat' dir='ltr'>alios</span> <span class='ocrx_word' id='word_1_67' title='bbox 3001 1361 3072 1423; x_wconf 91' lang='lat' dir='ltr'>in</span> 
     </span>
     <span class='ocr_line' id='line_1_10' title="bbox 611 1479 3073 1564; baseline -0.002 -18"><span class='ocrx_word' id='word_1_68' title='bbox 611 1481 903 1546; x_wconf 87' lang='lat' dir='ltr'>ordinem</span> <span class='ocrx_word' id='word_1_69' title='bbox 972 1480 1342 1564; x_wconf 84' lang='lat' dir='ltr'>redegerint</span> <span class='ocrx_word' id='word_1_70' title='bbox 1420 1480 1584 1546; x_wconf 85' lang='lat' dir='ltr'>alios</span> <span class='ocrx_word' id='word_1_71' title='bbox 1638 1479 1907 1544; x_wconf 91' lang='lat' dir='ltr'>omnino</span> <span class='ocrx_word' id='word_1_72' title='bbox 1976 1479 2336 1544; x_wconf 85' lang='lat' dir='ltr'>exemerint</span> <span class='ocrx_word' id='word_1_73' title='bbox 2387 1479 2728 1544; x_wconf 66' lang='lat' dir='ltr'>numm-03²</span> <span class='ocrx_word' id='word_1_74' title='bbox 2821 1479 3073 1543; x_wconf 87' lang='lat' dir='ltr'>Ultima</span> 
     </span>
     <span class='ocr_line' id='line_1_11' title="bbox 612 1597 3077 1685; baseline -0 -20"><span class='ocrx_word' id='word_1_75' title='bbox 612 1599 805 1666; x_wconf 82' lang='lat' dir='ltr'>verba</span> <span class='ocrx_word' id='word_1_76' title='bbox 849 1598 1272 1684; x_wconf 86' lang='lat' dir='ltr'>intelligenda</span> <span class='ocrx_word' id='word_1_77' title='bbox 1316 1605 1470 1664; x_wconf 90' lang='lat' dir='ltr'>sunt</span> <span class='ocrx_word' id='word_1_78' title='bbox 1522 1599 1601 1664; x_wconf 89' lang='lat' dir='ltr'>de</span> <span class='ocrx_word' id='word_1_79' title='bbox 1648 1597 2067 1685; x_wconf 78' lang='lat' dir='ltr'>scriptoribus</span> <span class='ocrx_word' id='word_1_80' title='bbox 2084 1647 2105 1676; x_wconf 93' lang='lat'>,</span> <span class='ocrx_word' id='word_1_81' title='bbox 2172 1621 2333 1683; x_wconf 90' lang='lat' dir='ltr'>quos</span> <span class='ocrx_word' id='word_1_82' title='bbox 2386 1598 2593 1664; x_wconf 86' lang='lat' dir='ltr'>critici</span> <span class='ocrx_word' id='word_1_83' title='bbox 2640 1599 2710 1663; x_wconf 91' lang='lat' dir='ltr'>in</span> <span class='ocrx_word' id='word_1_84' title='bbox 2754 1621 3077 1664; x_wconf 87' lang='lat' dir='ltr'>canonem</span> 
     </span>
     <span class='ocr_line' id='line_1_12' title="bbox 611 1701 3068 1804; baseline -0.002 -20"><span class='ocrx_word' id='word_1_85' title='bbox 611 1720 1000 1798; x_wconf 87' lang='lat' dir='ltr'>retulerant,</span> <span class='ocrx_word' id='word_1_86' title='bbox 1043 1726 1122 1786; x_wconf 88' lang='lat' dir='ltr'>nt</span> <span class='ocrx_word' id='word_1_87' title='bbox 1156 1718 1588 1785; x_wconf 85' lang='lat' dir='ltr'>Ruhnkenius</span> <span class='ocrx_word' id='word_1_88' title='bbox 1607 1701 1618 1724; x_wconf 46' lang='grc' dir='ltr'><em>Ι</em></span> <span class='ocrx_word' id='word_1_89' title='bbox 1635 1701 2101 1785; x_wconf 80' lang='lat' dir='ltr'>demonstravit</span> <span class='ocrx_word' id='word_1_90' title='bbox 2126 1722 2215 1804; x_wconf 81' lang='lat'>⁵⁵)</span> <span class='ocrx_word' id='word_1_91' title='bbox 2268 1725 2495 1784; x_wconf 86' lang='lat' dir='ltr'>contra</span> <span class='ocrx_word' id='word_1_92' title='bbox 2544 1718 2943 1783; x_wconf 89' lang='lat' dir='ltr'>Wowerium</span> <span class='ocrx_word' id='word_1_93' title='bbox 2976 1719 3068 1801; x_wconf 74' lang='lat' dir='ltr'>se)</span> 
     </span>
     <span class='ocr_line' id='line_1_13' title="bbox 613 1837 3077 1926; baseline -0.002 -21"><span class='ocrx_word' id='word_1_94' title='bbox 613 1841 904 1926; x_wconf 91' lang='lat' dir='ltr'>aliosque</span> <span class='ocrx_word' id='word_1_95' title='bbox 946 1839 1059 1925; x_wconf 90' lang='lat' dir='ltr'>qui</span> <span class='ocrx_word' id='word_1_96' title='bbox 1096 1839 1256 1904; x_wconf 85' lang='lat' dir='ltr'>haec</span> <span class='ocrx_word' id='word_1_97' title='bbox 1295 1839 1488 1904; x_wconf 88' lang='lat' dir='ltr'>verba</span> <span class='ocrx_word' id='word_1_98' title='bbox 1529 1840 1624 1905; x_wconf 88' lang='lat' dir='ltr'>ita</span> <span class='ocrx_word' id='word_1_99' title='bbox 1639 1838 2110 1904; x_wconf 85' lang='lat' dir='ltr'>intellexerant</span> <span class='ocrx_word' id='word_1_100' title='bbox 2124 1886 2145 1915; x_wconf 89' lang='lat'>,</span> <span class='ocrx_word' id='word_1_101' title='bbox 2189 1838 2371 1921; x_wconf 81' lang='lat' dir='ltr'>quasi</span> <span class='ocrx_word' id='word_1_102' title='bbox 2408 1840 2477 1902; x_wconf 76' lang='lat' dir='ltr'>in</span> <span class='ocrx_word' id='word_1_103' title='bbox 2502 1837 2773 1900; x_wconf 78' lang='lat' dir='ltr'>ordinem</span> <span class='ocrx_word' id='word_1_104' title='bbox 2800 1837 3077 1920; x_wconf 69' lang='lat' dir='ltr'>rediyere</span> 
     </span>
     <span class='ocr_line' id='line_1_14' title="bbox 616 1956 3075 2035; baseline -0.002 -10"><span class='ocrx_word' id='word_1_105' title='bbox 616 1965 785 2026; x_wconf 88' lang='lat' dir='ltr'>esset</span> <span class='ocrx_word' id='word_1_106' title='bbox 843 1960 1016 2023; x_wconf 90' lang='lat' dir='ltr'>inter</span> <span class='ocrx_word' id='word_1_107' title='bbox 1071 1956 1229 2023; x_wconf 88' lang='lat' dir='ltr'>viles</span> <span class='ocrx_word' id='word_1_108' title='bbox 1287 1957 1564 2023; x_wconf 86' lang='lat' dir='ltr'>abiicere</span> <span class='ocrx_word' id='word_1_109' title='bbox 1582 2006 1603 2034; x_wconf 91' lang='lat'>,</span> <span class='ocrx_word' id='word_1_110' title='bbox 1659 1979 1933 2022; x_wconf 86' lang='lat' dir='ltr'>numero</span> <span class='ocrx_word' id='word_1_111' title='bbox 1986 1957 2297 2035; x_wconf 82' lang='lat' dir='ltr'>eximere,</span> <span class='ocrx_word' id='word_1_112' title='bbox 2337 1979 2417 2022; x_wconf 85' lang='lat' dir='ltr'>ex</span> <span class='ocrx_word' id='word_1_113' title='bbox 2463 1957 2769 2023; x_wconf 87' lang='lat' dir='ltr'>inferiore</span> <span class='ocrx_word' id='word_1_114' title='bbox 2800 1957 2947 2022; x_wconf 91' lang='lat' dir='ltr'>loco</span> <span class='ocrx_word' id='word_1_115' title='bbox 3004 1958 3075 2021; x_wconf 91' lang='lat' dir='ltr'>in</span> 
     </span>
     <span class='ocr_line' id='line_1_15' title="bbox 621 2076 3071 2165; baseline -0.002 -20"><span class='ocrx_word' id='word_1_116' title='bbox 621 2079 1016 2165; x_wconf 91' lang='lat' dir='ltr'>superiorem</span> <span class='ocrx_word' id='word_1_117' title='bbox 1077 2076 1452 2142; x_wconf 74' lang='lat' dir='ltr'>restituere·</span> <span class='ocrx_word' id='word_1_118' title='bbox 1533 2076 1713 2140; x_wconf 92' lang='lat' dir='ltr'>Huic</span> <span class='ocrx_word' id='word_1_119' title='bbox 1777 2076 2333 2161; x_wconf 84' lang='lat' dir='ltr'>interpretationi,</span> <span class='ocrx_word' id='word_1_120' title='bbox 2379 2083 2456 2142; x_wconf 91' lang='lat' dir='ltr'>ut</span> <span class='ocrx_word' id='word_1_121' title='bbox 2505 2077 2919 2162; x_wconf 86' lang='lat' dir='ltr'>Spaldingius</span> <span class='ocrx_word' id='word_1_122' title='bbox 2982 2077 3071 2164; x_wconf 62' lang='lat' dir='ltr'>5&#39;³V)</span> 
     </span>
     <span class='ocr_line' id='line_1_16' title="bbox 615 2195 3074 2281; baseline -0.002 -15"><span class='ocrx_word' id='word_1_123' title='bbox 615 2201 916 2276; x_wconf 86' lang='lat' dir='ltr'>adnotat,</span> <span class='ocrx_word' id='word_1_124' title='bbox 957 2219 1184 2262; x_wconf 81' lang='lat' dir='ltr'>ansam</span> <span class='ocrx_word' id='word_1_125' title='bbox 1227 2196 1408 2262; x_wconf 86' lang='lat' dir='ltr'>dedit</span> <span class='ocrx_word' id='word_1_126' title='bbox 1451 2219 1607 2260; x_wconf 88' lang='lat' dir='ltr'>usus</span> <span class='ocrx_word' id='word_1_127' title='bbox 1646 2195 1957 2278; x_wconf 89' lang='lat' dir='ltr'>loquendi</span> <span class='ocrx_word' id='word_1_128' title='bbox 2002 2195 2387 2281; x_wconf 83' lang='lat' dir='ltr'>scriptorum</span> <span class='ocrx_word' id='word_1_129' title='bbox 2437 2203 2779 2280; x_wconf 89' lang='lat' dir='ltr'>argenteae</span> <span class='ocrx_word' id='word_1_130' title='bbox 2814 2197 3074 2275; x_wconf 87' lang='lat' dir='ltr'>aetatis,</span> 
     </span>
     <span class='ocr_line' id='line_1_17' title="bbox 617 2315 3078 2406; baseline -0.002 -21"><span class='ocrx_word' id='word_1_131' title='bbox 617 2320 790 2406; x_wconf 90' lang='lat' dir='ltr'>apud</span> <span class='ocrx_word' id='word_1_132' title='bbox 846 2341 1008 2403; x_wconf 91' lang='lat' dir='ltr'>quos</span> <span class='ocrx_word' id='word_1_133' title='bbox 1072 2318 1347 2400; x_wconf 63' lang='lat' dir='ltr'>redigere</span> <span class='ocrx_word' id='word_1_134' title='bbox 1398 2319 1465 2380; x_wconf 75' lang='lat' dir='ltr'>in</span> <span class='ocrx_word' id='word_1_135' title='bbox 1515 2317 1789 2381; x_wconf 76' lang='lat' dir='ltr'>ordinem</span> <span class='ocrx_word' id='word_1_136' title='bbox 1836 2337 2028 2381; x_wconf 90' lang='lat' dir='ltr'>sensu</span> <span class='ocrx_word' id='word_1_137' title='bbox 2077 2315 2546 2382; x_wconf 90' lang='lat' dir='ltr'>contumelioso</span> <span class='ocrx_word' id='word_1_138' title='bbox 2595 2316 2853 2400; x_wconf 85' lang='lat' dir='ltr'>legitur.</span> <span class='ocrx_word' id='word_1_139' title='bbox 2950 2316 3078 2383; x_wconf 86' lang='lat' dir='ltr'>Sed</span> 
     </span>
     <span class='ocr_line' id='line_1_18' title="bbox 615 2433 3071 2526; baseline -0.002 -22"><span class='ocrx_word' id='word_1_140' title='bbox 615 2443 916 2526; x_wconf 88' lang='lat' dir='ltr'>poterant</span> <span class='ocrx_word' id='word_1_141' title='bbox 977 2435 1373 2502; x_wconf 88' lang='lat' dir='ltr'>Wowerium</span> <span class='ocrx_word' id='word_1_142' title='bbox 1425 2436 1717 2518; x_wconf 86' lang='lat' dir='ltr'>aliosque</span> <span class='ocrx_word' id='word_1_143' title='bbox 1773 2435 1846 2498; x_wconf 90' lang='lat' dir='ltr'>in</span> <span class='ocrx_word' id='word_1_144' title='bbox 1898 2435 2068 2500; x_wconf 86' lang='lat' dir='ltr'>viam</span> <span class='ocrx_word' id='word_1_145' title='bbox 2141 2433 2447 2501; x_wconf 90' lang='lat' dir='ltr'>reducere</span> <span class='ocrx_word' id='word_1_146' title='bbox 2502 2436 2936 2504; x_wconf 77' lang='lat' dir='ltr'>Quinctiliani</span> <span class='ocrx_word' id='word_1_147' title='bbox 2984 2437 3071 2526; x_wconf 78' lang='lat'>⁵⁸)</span> 
     </span>
     <span class='ocr_line' id='line_1_19' title="bbox 619 2555 3079 2642; baseline -0.001 -18"><span class='ocrx_word' id='word_1_148' title='bbox 619 2558 845 2624; x_wconf 82' lang='lat' dir='ltr'>verba:</span> <span class='ocrx_word' id='word_1_149' title='bbox 915 2584 950 2618; x_wconf 79' lang='lat' dir='ltr'>n</span> <span class='ocrx_word' id='word_1_150' title='bbox 963 2556 1351 2642; x_wconf 86' lang='lat' dir='ltr'>Apollonius</span> <span class='ocrx_word' id='word_1_151' title='bbox 1394 2556 1467 2620; x_wconf 90' lang='lat' dir='ltr'>in</span> <span class='ocrx_word' id='word_1_152' title='bbox 1513 2555 1809 2621; x_wconf 90' lang='lat' dir='ltr'>ordinem</span> <span class='ocrx_word' id='word_1_153' title='bbox 1853 2579 1893 2619; x_wconf 89' lang='lat' dir='ltr'>a</span> <span class='ocrx_word' id='word_1_154' title='bbox 1936 2555 2367 2639; x_wconf 87' lang='lat' dir='ltr'>grammaticis</span> <span class='ocrx_word' id='word_1_155' title='bbox 2417 2555 2641 2621; x_wconf 87' lang='lat' dir='ltr'>datum</span> <span class='ocrx_word' id='word_1_156' title='bbox 2682 2580 2817 2623; x_wconf 91' lang='lat' dir='ltr'>non</span> <span class='ocrx_word' id='word_1_157' title='bbox 2860 2556 3079 2635; x_wconf 88' lang='lat' dir='ltr'>venit,</span> 
     </span>
     <span class='ocr_line' id='line_1_20' title="bbox 621 2675 3081 2764; baseline -0.001 -20"><span class='ocrx_word' id='word_1_158' title='bbox 621 2681 774 2764; x_wconf 89' lang='lat' dir='ltr'>quia</span> <span class='ocrx_word' id='word_1_159' title='bbox 804 2676 1216 2742; x_wconf 89' lang='lat' dir='ltr'>Aristarchus</span> <span class='ocrx_word' id='word_1_160' title='bbox 1273 2681 1470 2762; x_wconf 90' lang='lat' dir='ltr'>atque</span> <span class='ocrx_word' id='word_1_161' title='bbox 1511 2675 2014 2762; x_wconf 88' lang='lat' dir='ltr'>Aristophanes,</span> <span class='ocrx_word' id='word_1_162' title='bbox 2063 2681 2402 2760; x_wconf 88' lang='lat' dir='ltr'>poetarum</span> <span class='ocrx_word' id='word_1_163' title='bbox 2436 2675 2679 2742; x_wconf 85' lang='lat' dir='ltr'>iudices</span> <span class='ocrx_word' id='word_1_164' title='bbox 2695 2724 2716 2755; x_wconf 96' lang='lat'>,</span> <span class='ocrx_word' id='word_1_165' title='bbox 2749 2677 3081 2741; x_wconf 91' lang='lat' dir='ltr'>neminem</span> 
     </span>
     <span class='ocr_line' id='line_1_21' title="bbox 621 2796 2079 2883; baseline -0.003 -18"><span class='ocrx_word' id='word_1_166' title='bbox 621 2800 723 2865; x_wconf 89' lang='lat' dir='ltr'>sui</span> <span class='ocrx_word' id='word_1_167' title='bbox 766 2798 1076 2883; x_wconf 88' lang='lat' dir='ltr'>temporis</span> <span class='ocrx_word' id='word_1_168' title='bbox 1120 2797 1192 2861; x_wconf 91' lang='lat' dir='ltr'>in</span> <span class='ocrx_word' id='word_1_169' title='bbox 1233 2819 1580 2863; x_wconf 91' lang='lat' dir='ltr'>numerum</span> <span class='ocrx_word' id='word_1_170' title='bbox 1622 2796 2079 2881; x_wconf 87' lang='lat' dir='ltr'>redegerunt.&#39;&#39;</span> 
     </span>
    </p>

    <p class='ocr_par' dir='ltr' id='par_1_5' title="bbox 617 2917 3097 3963">
     <span class='ocr_line' id='line_1_22' title="bbox 708 2917 3075 3002; baseline -0.001 -20"><span class='ocrx_word' id='word_1_171' title='bbox 708 2918 862 2983; x_wconf 88' lang='lat' dir='ltr'>Alia</span> <span class='ocrx_word' id='word_1_172' title='bbox 893 2940 1120 2995; x_wconf 84' lang='lat' dir='ltr'>causa,</span> <span class='ocrx_word' id='word_1_173' title='bbox 1149 2939 1278 3002; x_wconf 88' lang='lat' dir='ltr'>qua</span> <span class='ocrx_word' id='word_1_174' title='bbox 1305 2918 1552 2983; x_wconf 82' lang='lat' dir='ltr'>factum</span> <span class='ocrx_word' id='word_1_175' title='bbox 1584 2924 1682 2983; x_wconf 91' lang='lat' dir='ltr'>est</span> <span class='ocrx_word' id='word_1_176' title='bbox 1709 2923 1786 2983; x_wconf 91' lang='lat' dir='ltr'>ut</span> <span class='ocrx_word' id='word_1_177' title='bbox 1825 2917 2151 2984; x_wconf 83' lang='lat' dir='ltr'>orationes</span> <span class='ocrx_word' id='word_1_178' title='bbox 2192 2918 2405 2983; x_wconf 89' lang='lat' dir='ltr'>alieno</span> <span class='ocrx_word' id='word_1_179' title='bbox 2440 2919 2706 2985; x_wconf 89' lang='lat' dir='ltr'>nomine</span> <span class='ocrx_word' id='word_1_180' title='bbox 2734 2919 3075 2994; x_wconf 87' lang='lat' dir='ltr'>ferrentur,</span> 
     </span>
     <span class='ocr_line' id='line_1_23' title="bbox 620 3037 3081 3123; baseline -0.002 -17"><span class='ocrx_word' id='word_1_181' title='bbox 620 3040 782 3106; x_wconf 88' lang='lat' dir='ltr'>haec</span> <span class='ocrx_word' id='word_1_182' title='bbox 835 3044 963 3116; x_wconf 91' lang='lat' dir='ltr'>est,</span> <span class='ocrx_word' id='word_1_183' title='bbox 1010 3037 1185 3123; x_wconf 87' lang='lat' dir='ltr'>quod</span> <span class='ocrx_word' id='word_1_184' title='bbox 1230 3038 1460 3116; x_wconf 89' lang='lat' dir='ltr'>multi,</span> <span class='ocrx_word' id='word_1_185' title='bbox 1517 3038 1670 3123; x_wconf 88' lang='lat' dir='ltr'>quia</span> <span class='ocrx_word' id='word_1_186' title='bbox 1727 3038 1943 3103; x_wconf 86' lang='lat' dir='ltr'>minus</span> <span class='ocrx_word' id='word_1_187' title='bbox 1999 3043 2148 3122; x_wconf 89' lang='lat' dir='ltr'>apte</span> <span class='ocrx_word' id='word_1_188' title='bbox 2200 3037 2487 3103; x_wconf 88' lang='lat' dir='ltr'>dicerent</span> <span class='ocrx_word' id='word_1_189' title='bbox 2503 3085 2524 3114; x_wconf 89' lang='lat'>,</span> <span class='ocrx_word' id='word_1_190' title='bbox 2571 3038 2715 3101; x_wconf 89' lang='lat' dir='ltr'>aliis</span> <span class='ocrx_word' id='word_1_191' title='bbox 2755 3037 3081 3102; x_wconf 85' lang='lat' dir='ltr'>orationes</span> 
     </span>
     <span class='ocr_line' id='line_1_24' title="bbox 619 3154 3079 3241; baseline -0.002 -18"><span class='ocrx_word' id='word_1_192' title='bbox 619 3159 1009 3233; x_wconf 87' lang='lat' dir='ltr'>scriberent,</span> <span class='ocrx_word' id='word_1_193' title='bbox 1053 3182 1056 3192; x_wconf 95' lang='lat'>·</span> <span class='ocrx_word' id='word_1_194' title='bbox 1105 3179 1272 3241; x_wconf 89' lang='lat' dir='ltr'>quae</span> <span class='ocrx_word' id='word_1_195' title='bbox 1349 3159 1621 3224; x_wconf 87' lang='lat' dir='ltr'>oratoris</span> <span class='ocrx_word' id='word_1_196' title='bbox 1689 3158 1959 3225; x_wconf 91' lang='lat' dir='ltr'>nomine</span> <span class='ocrx_word' id='word_1_197' title='bbox 2035 3156 2415 3241; x_wconf 86' lang='lat' dir='ltr'>legebantur</span> <span class='ocrx_word' id='word_1_198' title='bbox 2494 3161 2561 3221; x_wconf 92' lang='lat' dir='ltr'>et</span> <span class='ocrx_word' id='word_1_199' title='bbox 2626 3154 3079 3221; x_wconf 87' lang='lat' dir='ltr'>laudabantur.</span> 
     </span>
     <span class='ocr_line' id='line_1_25' title="bbox 623 3274 3097 3365; baseline -0.002 -22"><span class='ocrx_word' id='word_1_200' title='bbox 623 3277 822 3344; x_wconf 75' lang='lat' dir='ltr'>Quod</span> <span class='ocrx_word' id='word_1_201' title='bbox 864 3300 924 3344; x_wconf 79' lang='lat' dir='ltr'>v,</span> <span class='ocrx_word' id='word_1_202' title='bbox 971 3298 1027 3342; x_wconf 85' lang='lat' dir='ltr'>c.</span> <span class='ocrx_word' id='word_1_203' title='bbox 1080 3277 1159 3343; x_wconf 94' lang='lat' dir='ltr'>de</span> <span class='ocrx_word' id='word_1_204' title='bbox 1206 3278 1282 3343; x_wconf 89' lang='lat' dir='ltr'>L.</span> <span class='ocrx_word' id='word_1_205' title='bbox 1332 3278 1524 3344; x_wconf 87' lang='lat' dir='ltr'>Aelio</span> <span class='ocrx_word' id='word_1_206' title='bbox 1576 3278 1829 3345; x_wconf 91' lang='lat' dir='ltr'>Stilone</span> <span class='ocrx_word' id='word_1_207' title='bbox 1878 3278 2228 3344; x_wconf 88' lang='lat' dir='ltr'>memoriae</span> <span class='ocrx_word' id='word_1_208' title='bbox 2275 3275 2606 3361; x_wconf 86' lang='lat' dir='ltr'>proditum</span> <span class='ocrx_word' id='word_1_209' title='bbox 2651 3284 2748 3341; x_wconf 90' lang='lat' dir='ltr'>est</span> <span class='ocrx_word' id='word_1_210' title='bbox 2793 3274 2881 3365; x_wconf 65' lang='lat'>5⁵³)</span> <span class='ocrx_word' id='word_1_211' title='bbox 2905 3323 2926 3353; x_wconf 91' lang='lat'>,</span> <span class='ocrx_word' id='word_1_212' title='bbox 2971 3275 3097 3359; x_wconf 82' lang='lat' dir='ltr'>qui&#39;</span> 
     </span>
     <span class='ocr_line' id='line_1_26' title="bbox 619 3397 3080 3485; baseline -0.001 -21"><span class='ocrx_word' id='word_1_213' title='bbox 619 3398 945 3464; x_wconf 87' lang='lat' dir='ltr'>orationes</span> <span class='ocrx_word' id='word_1_214' title='bbox 1009 3398 1234 3463; x_wconf 89' lang='lat' dir='ltr'>multis</span> <span class='ocrx_word' id='word_1_215' title='bbox 1298 3398 1682 3485; x_wconf 86' lang='lat' dir='ltr'>scriptitavit</span> <span class='ocrx_word' id='word_1_216' title='bbox 1698 3447 1719 3476; x_wconf 93' lang='lat'>,</span> <span class='ocrx_word' id='word_1_217' title='bbox 1776 3403 1992 3463; x_wconf 88' lang='lat' dir='ltr'>orator</span> <span class='ocrx_word' id='word_1_218' title='bbox 2039 3398 2179 3482; x_wconf 90' lang='lat' dir='ltr'>ipse</span> <span class='ocrx_word' id='word_1_219' title='bbox 2231 3419 2589 3481; x_wconf 90' lang='lat' dir='ltr'>numquam</span> <span class='ocrx_word' id='word_1_220' title='bbox 2650 3397 2779 3462; x_wconf 85' lang='lat' dir='ltr'>fuit</span> <span class='ocrx_word' id='word_1_221' title='bbox 2798 3445 2819 3475; x_wconf 94' lang='lat'>,</span> <span class='ocrx_word' id='word_1_222' title='bbox 2868 3417 3080 3481; x_wconf 91' lang='lat' dir='ltr'>neque</span> 
     </span>
     <span class='ocr_line' id='line_1_27' title="bbox 620 3515 3082 3601; baseline -0.001 -20"><span class='ocrx_word' id='word_1_223' title='bbox 620 3518 690 3581; x_wconf 92' lang='lat' dir='ltr'>id</span> <span class='ocrx_word' id='word_1_224' title='bbox 753 3518 966 3582; x_wconf 91' lang='lat' dir='ltr'>solum</span> <span class='ocrx_word' id='word_1_225' title='bbox 1020 3517 1392 3584; x_wconf 88' lang='lat' dir='ltr'>hominibus</span> <span class='ocrx_word' id='word_1_226' title='bbox 1452 3516 1817 3601; x_wconf 89' lang='lat' dir='ltr'>elinguibus</span> <span class='ocrx_word' id='word_1_227' title='bbox 1833 3565 1855 3595; x_wconf 96' lang='lat'>,</span> <span class='ocrx_word' id='word_1_228' title='bbox 1901 3538 2123 3582; x_wconf 83' lang='lat' dir='ltr'>verum</span> <span class='ocrx_word' id='word_1_229' title='bbox 2166 3515 2362 3580; x_wconf 89' lang='lat' dir='ltr'>etiam</span> <span class='ocrx_word' id='word_1_230' title='bbox 2406 3515 2787 3581; x_wconf 89' lang='lat' dir='ltr'>oratoribus.</span> <span class='ocrx_word' id='word_1_231' title='bbox 2879 3516 3082 3581; x_wconf 88' lang='lat' dir='ltr'>Cuius</span> 
     </span>
     <span class='ocr_line' id='line_1_28' title="bbox 617 3612 3084 3723; baseline -0.002 -18"><span class='ocrx_word' id='word_1_232' title='bbox 617 3640 712 3705; x_wconf 88' lang='lat' dir='ltr'>rei</span> <span class='ocrx_word' id='word_1_233' title='bbox 787 3661 921 3704; x_wconf 91' lang='lat' dir='ltr'>non</span> <span class='ocrx_word' id='word_1_234' title='bbox 1010 3644 1226 3723; x_wconf 88' lang='lat' dir='ltr'>potest</span> <span class='ocrx_word' id='word_1_235' title='bbox 1301 3638 1695 3704; x_wconf 88' lang='lat' dir='ltr'>luculentius</span> <span class='ocrx_word' id='word_1_236' title='bbox 1766 3659 1904 3703; x_wconf 89' lang='lat' dir='ltr'>esse</span> <span class='ocrx_word' id='word_1_237' title='bbox 1976 3636 2423 3703; x_wconf 86' lang='lat' dir='ltr'>testimonium</span> <span class='ocrx_word' id='word_1_238' title='bbox 2490 3659 2687 3721; x_wconf 90' lang='lat' dir='ltr'>quam</span> <span class='ocrx_word' id='word_1_239' title='bbox 2755 3612 3084 3704; x_wconf 83' lang='lat' dir='ltr'>Ciceronis</span> 
     </span>
     <span class='ocr_line' id='line_1_29' title="bbox 621 3756 3083 3849; baseline 0 -26"><span class='ocrx_word' id='word_1_240' title='bbox 621 3759 895 3826; x_wconf 90' lang='lat' dir='ltr'>dicentis</span> <span class='ocrx_word' id='word_1_241' title='bbox 949 3758 1037 3849; x_wconf 77' lang='lat'>⁰⁰)</span> <span class='ocrx_word' id='word_1_242' title='bbox 1060 3808 1082 3838; x_wconf 96' lang='lat'>,</span> <span class='ocrx_word' id='word_1_243' title='bbox 1136 3759 1400 3824; x_wconf 92' lang='lat' dir='ltr'>Aelium</span> <span class='ocrx_word' id='word_1_244' title='bbox 1455 3758 1783 3843; x_wconf 88' lang='lat' dir='ltr'>scripsisse</span> <span class='ocrx_word' id='word_1_245' title='bbox 1839 3758 2202 3837; x_wconf 89' lang='lat' dir='ltr'>orationes,</span> <span class='ocrx_word' id='word_1_246' title='bbox 2262 3781 2420 3843; x_wconf 89' lang='lat' dir='ltr'>quas</span> <span class='ocrx_word' id='word_1_247' title='bbox 2471 3756 2585 3822; x_wconf 86' lang='lat' dir='ltr'>alii</span> <span class='ocrx_word' id='word_1_248' title='bbox 2639 3758 2961 3837; x_wconf 89' lang='lat' dir='ltr'>dicerent,</span> <span class='ocrx_word' id='word_1_249' title='bbox 3014 3781 3083 3823; x_wconf 92' lang='lat' dir='ltr'>se</span> 
     </span>
     <span class='ocr_line' id='line_1_30' title="bbox 621 3877 3081 3963; baseline 0 -22"><span class='ocrx_word' id='word_1_250' title='bbox 621 3880 750 3943; x_wconf 87' lang='lat' dir='ltr'>illis</span> <span class='ocrx_word' id='word_1_251' title='bbox 819 3880 1072 3963; x_wconf 84' lang='lat' dir='ltr'>seriptis</span> <span class='ocrx_word' id='word_1_252' title='bbox 1136 3880 1332 3944; x_wconf 87' lang='lat' dir='ltr'>etiam</span> <span class='ocrx_word' id='word_1_253' title='bbox 1407 3879 1621 3963; x_wconf 89' lang='lat' dir='ltr'>ipsum</span> <span class='ocrx_word' id='word_1_254' title='bbox 1700 3880 2069 3944; x_wconf 86' lang='lat' dir='ltr'>interfuisse</span> <span class='ocrx_word' id='word_1_255' title='bbox 2136 3901 2285 3944; x_wconf 90' lang='lat' dir='ltr'>cum</span> <span class='ocrx_word' id='word_1_256' title='bbox 2364 3884 2531 3943; x_wconf 89' lang='lat' dir='ltr'>esset</span> <span class='ocrx_word' id='word_1_257' title='bbox 2600 3877 2772 3962; x_wconf 88' lang='lat' dir='ltr'>apud</span> <span class='ocrx_word' id='word_1_258' title='bbox 2820 3878 3081 3943; x_wconf 90' lang='lat' dir='ltr'>Aelium</span> 
     </span>
    </p>
   </div>
   <div class='ocr_carea' id='block_1_4' title="bbox 679 4148 2899 4814">
    <p class='ocr_par' dir='ltr' id='par_1_6' title="bbox 680 4148 1911 4219">
     <span class='ocr_line' id='line_1_31' title="bbox 680 4148 1911 4219; baseline 0.002 -16"><span class='ocrx_word' id='word_1_259' title='bbox 680 4148 742 4218; x_wconf 78' lang='grc'>55)</span> <span class='ocrx_word' id='word_1_260' title='bbox 777 4151 946 4212; x_wconf 87' lang='lat' dir='ltr'>Wolf,</span> <span class='ocrx_word' id='word_1_261' title='bbox 980 4152 1148 4203; x_wconf 84' lang='lat' dir='ltr'>Praef.</span> <span class='ocrx_word' id='word_1_262' title='bbox 1184 4156 1250 4204; x_wconf 80' lang='lat' dir='ltr'>ad</span> <span class='ocrx_word' id='word_1_263' title='bbox 1281 4154 1595 4205; x_wconf 82' lang='lat' dir='ltr'>Marcellian.</span> <span class='ocrx_word' id='word_1_264' title='bbox 1632 4170 1680 4219; x_wconf 88' lang='lat' dir='ltr'>p.</span> <span class='ocrx_word' id='word_1_265' title='bbox 1720 4170 1911 4206; x_wconf 83' lang='lat' dir='ltr'>xxx1x.</span> 
     </span>
    </p>

    <p class='ocr_par' dir='ltr' id='par_1_7' title="bbox 681 4234 1296 4303">
     <span class='ocr_line' id='line_1_32' title="bbox 681 4234 1296 4303; baseline 0.003 -17"><span class='ocrx_word' id='word_1_266' title='bbox 681 4234 742 4303; x_wconf 69' lang='lat'>5²)</span> <span class='ocrx_word' id='word_1_267' title='bbox 778 4235 982 4299; x_wconf 84' lang='lat' dir='ltr'>Quinct.</span> <span class='ocrx_word' id='word_1_268' title='bbox 1019 4238 1063 4286; x_wconf 89' lang='grc' dir='ltr'>Ι.</span> <span class='ocrx_word' id='word_1_269' title='bbox 1103 4242 1150 4287; x_wconf 82' lang='grc'>4.</span> <span class='ocrx_word' id='word_1_270' title='bbox 1187 4238 1212 4303; x_wconf 81' lang='lat'>§</span> <span class='ocrx_word' id='word_1_271' title='bbox 1247 4244 1296 4288; x_wconf 88' lang='grc'>3.</span> 
     </span>
    </p>

    <p class='ocr_par' dir='ltr' id='par_1_8' title="bbox 679 4318 2899 4477">
     <span class='ocr_line' id='line_1_33' title="bbox 680 4318 2899 4393; baseline 0.001 -21"><span class='ocrx_word' id='word_1_272' title='bbox 680 4318 740 4387; x_wconf 77' lang='lat'>5⁵)</span> <span class='ocrx_word' id='word_1_273' title='bbox 775 4322 984 4373; x_wconf 85' lang='lat' dir='ltr'>Ruhnk.</span> <span class='ocrx_word' id='word_1_274' title='bbox 1019 4323 1153 4373; x_wconf 85' lang='lat' dir='ltr'>Hist.</span> <span class='ocrx_word' id='word_1_275' title='bbox 1189 4323 1312 4375; x_wconf 84' lang='lat' dir='ltr'>Crit.</span> <span class='ocrx_word' id='word_1_276' title='bbox 1349 4323 1488 4376; x_wconf 84' lang='lat' dir='ltr'>Orat.</span> <span class='ocrx_word' id='word_1_277' title='bbox 1524 4324 1699 4377; x_wconf 84' lang='lat' dir='ltr'>Graec.</span> <span class='ocrx_word' id='word_1_278' title='bbox 1736 4344 1784 4392; x_wconf 90' lang='lat' dir='ltr'>p.</span> <span class='ocrx_word' id='word_1_279' title='bbox 1822 4340 1962 4379; x_wconf 77' lang='lat' dir='ltr'>xcvr.</span> <span class='ocrx_word' id='word_1_280' title='bbox 2000 4329 2224 4393; x_wconf 82' lang='lat' dir='ltr'>praefixa</span> <span class='ocrx_word' id='word_1_281' title='bbox 2258 4328 2393 4379; x_wconf 86' lang='lat' dir='ltr'>illius</span> <span class='ocrx_word' id='word_1_282' title='bbox 2428 4330 2505 4379; x_wconf 86' lang='lat' dir='ltr'>ed.</span> <span class='ocrx_word' id='word_1_283' title='bbox 2544 4328 2718 4379; x_wconf 84' lang='lat' dir='ltr'>Rutilii</span> <span class='ocrx_word' id='word_1_284' title='bbox 2753 4326 2899 4390; x_wconf 87' lang='lat' dir='ltr'>Lupi.</span> 
     </span>
     <span class='ocr_line' id='line_1_34' title="bbox 679 4402 2014 4477; baseline 0.006 -23"><span class='ocrx_word' id='word_1_285' title='bbox 679 4402 744 4471; x_wconf 74' lang='grc'>56)</span> <span class='ocrx_word' id='word_1_286' title='bbox 778 4407 854 4456; x_wconf 91' lang='lat' dir='ltr'>Io.</span> <span class='ocrx_word' id='word_1_287' title='bbox 890 4407 1172 4459; x_wconf 86' lang='lat' dir='ltr'>Wowerius</span> <span class='ocrx_word' id='word_1_288' title='bbox 1205 4408 1494 4473; x_wconf 83' lang='lat' dir='ltr'>Polymath.</span> <span class='ocrx_word' id='word_1_289' title='bbox 1534 4426 1576 4460; x_wconf 87' lang='lat' dir='ltr'>c.</span> <span class='ocrx_word' id='word_1_290' title='bbox 1617 4411 1769 4465; x_wconf 86' lang='lat' dir='ltr'>XVI.</span> <span class='ocrx_word' id='word_1_291' title='bbox 1806 4428 1855 4477; x_wconf 88' lang='lat' dir='ltr'>p.</span> <span class='ocrx_word' id='word_1_292' title='bbox 1900 4416 2014 4462; x_wconf 89' lang='grc'><strong>161.</strong></span> 
     </span>
    </p>

    <p class='ocr_par' dir='ltr' id='par_1_9' title="bbox 681 4489 1364 4559">
     <span class='ocr_line' id='line_1_35' title="bbox 681 4489 1364 4559; baseline 0.003 -17"><span class='ocrx_word' id='word_1_293' title='bbox 681 4489 742 4559; x_wconf 81' lang='lat'>⁵⁷)</span> <span class='ocrx_word' id='word_1_294' title='bbox 779 4492 845 4542; x_wconf 71' lang='lat' dir='ltr'>aa</span> <span class='ocrx_word' id='word_1_295' title='bbox 877 4492 913 4541; x_wconf 93' lang='lat'>1.</span> <span class='ocrx_word' id='word_1_296' title='bbox 949 4491 984 4543; x_wconf 90' lang='lat'>1.</span> <span class='ocrx_word' id='word_1_297' title='bbox 1021 4492 1364 4555; x_wconf 66' lang='lat' dir='ltr'>Quinctium.</span> 
     </span>
    </p>

    <p class='ocr_par' dir='ltr' id='par_1_10' title="bbox 682 4574 1357 4642">
     <span class='ocr_line' id='line_1_36' title="bbox 682 4574 1357 4642; baseline 0.003 -17"><span class='ocrx_word' id='word_1_298' title='bbox 682 4574 743 4642; x_wconf 74' lang='lat'>5⁸)</span> <span class='ocrx_word' id='word_1_299' title='bbox 778 4575 982 4639; x_wconf 79' lang='lat' dir='ltr'>Quinet.</span> <span class='ocrx_word' id='word_1_300' title='bbox 1020 4576 1090 4625; x_wconf 88' lang='lat' dir='ltr'>x.</span> <span class='ocrx_word' id='word_1_301' title='bbox 1134 4583 1176 4627; x_wconf 91' lang='lat'>1.</span> <span class='ocrx_word' id='word_1_302' title='bbox 1213 4578 1239 4641; x_wconf 59' lang='grc' dir='ltr'><strong>ς</strong></span> <span class='ocrx_word' id='word_1_303' title='bbox 1275 4584 1357 4628; x_wconf 87' lang='lat'>54.</span> 
     </span>
    </p>

    <p class='ocr_par' dir='ltr' id='par_1_11' title="bbox 683 4658 1404 4726">
     <span class='ocr_line' id='line_1_37' title="bbox 683 4658 1404 4726; baseline 0.003 -15"><span class='ocrx_word' id='word_1_304' title='bbox 683 4658 742 4725; x_wconf 81' lang='lat'>5⁹)</span> <span class='ocrx_word' id='word_1_305' title='bbox 779 4660 881 4712; x_wconf 85' lang='lat' dir='ltr'>Cic.</span> <span class='ocrx_word' id='word_1_306' title='bbox 917 4662 1061 4711; x_wconf 89' lang='lat' dir='ltr'>Brut.</span> <span class='ocrx_word' id='word_1_307' title='bbox 1100 4665 1187 4711; x_wconf 83' lang='grc'>46.</span> <span class='ocrx_word' id='word_1_308' title='bbox 1219 4662 1245 4726; x_wconf 84' lang='lat'>§</span> <span class='ocrx_word' id='word_1_309' title='bbox 1287 4666 1404 4713; x_wconf 79' lang='lat'>169.</span> 
     </span>
    </p>

    <p class='ocr_par' dir='ltr' id='par_1_12' title="bbox 681 4742 1522 4814">
     <span class='ocr_line' id='line_1_38' title="bbox 681 4742 1522 4814; baseline 0.001 -16"><span class='ocrx_word' id='word_1_310' title='bbox 681 4742 744 4814; x_wconf 77' lang='grc'>60)</span> <span class='ocrx_word' id='word_1_311' title='bbox 777 4744 880 4798; x_wconf 83' lang='lat' dir='ltr'>Cio.</span> <span class='ocrx_word' id='word_1_312' title='bbox 917 4746 1063 4798; x_wconf 82' lang='lat' dir='ltr'>Brut.</span> <span class='ocrx_word' id='word_1_313' title='bbox 1101 4751 1184 4796; x_wconf 84' lang='lat'>56.</span> <span class='ocrx_word' id='word_1_314' title='bbox 1219 4747 1244 4811; x_wconf 63' lang='lat'>55</span> <span class='ocrx_word' id='word_1_315' title='bbox 1281 4752 1379 4798; x_wconf 85' lang='lat'>205</span> <span class='ocrx_word' id='word_1_316' title='bbox 1419 4765 1522 4814; x_wconf 86' lang='lat' dir='ltr'>sqq.</span> 
     </span>
    </p>
   </div>
   <div class='ocr_carea' id='block_1_5' title="bbox 3362 2854 3365 3673">
    <p class='ocr_par' dir='ltr' id='par_1_13' title="bbox 3362 2854 3365 3673">
     <span class='ocr_line' id='line_1_39' title="bbox 3362 2854 3365 3673; baseline 0 0"><span class='ocrx_word' id='word_1_317' title='bbox 3362 2854 3365 3673; x_wconf 95' lang='lat' dir='ltr'> </span> 
     </span>
    </p>
   </div>
   <div class='ocr_carea' id='block_1_6' title="bbox 3362 4268 3366 5315">
    <p class='ocr_par' dir='ltr' id='par_1_14' title="bbox 3362 4268 3366 5315">
     <span class='ocr_line' id='line_1_40' title="bbox 3362 4268 3366 5315; baseline 0 0"><span class='ocrx_word' id='word_1_318' title='bbox 3362 4268 3366 5315; x_wconf 95' lang='lat' dir='ltr'> </span> 
     </span>
    </p>
   </div>
  </div>
 </body>
</html>
