3375 5500
1514 395 1598 458 21

295 601 500 671 tram
527 656 546 685 ,
613 525 758 673 ta'm
827 598 1219 692 horribilem
1239 658 1260 688 ,
1334 606 1617 700 tamque
1672 601 1996 676 infestam
2045 599 2459 700 reipublicae
2507 609 2774 701 pestem

295 725 526 800 toties
570 726 711 802 iam
749 727 1142 827 effugimus.
1221 730 1384 802 Non
1427 737 1533 804 est
1577 731 1851 830 saepius
1890 730 1963 804 in
2009 755 2148 804 uno
2182 730 2460 804 homine
2502 756 2774 806 summa

297 853 506 928 salus
555 853 1002 955 periclitanda
1053 858 1492 958 reipublicae.
1595 859 1956 938 Quamdiu
2006 858 2177 932 mihi
2226 861 2493 934 consuli
2543 862 2770 960 desig·

289 990 520 1070 nat0,
583 983 884 1058 Catilina
905 1043 924 1072 ,
973 985 1340 1061 insidiatus
1391 1011 1500 1074 es,
1551 1011 1693 1060 non
1739 987 2017 1086 publico
2057 1011 2169 1062 me
2220 989 2595 1087 praesidio,
2648 990 2770 1063 sed

291 1110 582 1207 privata
649 1111 1006 1212 diligentia
1065 1115 1365 1190 defendi.
1469 1118 1713 1194 Quum
1781 1115 2111 1214 proximis
2166 1116 2462 1194 comitiis
2524 1143 2768 1192 consu-

289 1235 576 1314 laribus
616 1264 728 1314 me
773 1243 1123 1318 consulem
1165 1243 1237 1317 in
1279 1269 1523 1343 campo
1569 1251 1639 1318 et
1678 1244 2161 1342 competitores
2198 1250 2357 1318 tuos
2392 1246 2773 1320 interficere

289 1366 633 1456 voluisti,
703 1371 1070 1468 compressi
1119 1379 1408 1446 conatus
1459 1379 1619 1446 tuos
1663 1371 1957 1445 nefarios
2010 1371 2387 1446 amicorum
2432 1373 2772 1471 praesidio

287 1501 380 1568 et
455 1495 702 1594 copiiS,
767 1498 959 1572 nullo
1022 1499 1333 1574 tumultu
1380 1499 1656 1599 publice
1700 1501 2040 1575 concitato
2055 1533 2074 1588 ;
2126 1500 2425 1599 denique
2466 1501 2767 1600 quoties-

285 1647 588 1722 cunque
635 1648 748 1697 me
797 1627 1067 1724 petisti,
1118 1652 1242 1728 per
1287 1651 1400 1702 me
1445 1629 1576 1702 tibi
1613 1628 1892 1717 obstiti3
1944 1653 2367 1728 quamquam
2416 1629 2769 1718 videbam,

287 1751 680 1851 perniciem
730 1777 958 1828 meam
1010 1780 1172 1830 cum
1223 1781 1478 1858 magna
1517 1757 1906 1834 calamitate
1952 1755 2367 1855 reipublicae
2419 1781 2569 1832 esse
2607 1781 2766 1831 con·

291 1882 638 1957 iunctam.
764 1885 876 1957 12.
969 1885 1180 1959 Nunc
1262 1885 1402 1960 iam
1482 1893 1717 1984 aperte
1798 1880 2298 1985 rempublicam
2378 1883 2769 1960 universam

294 2010 490 2109 petis
507 2045 526 2098 ;
598 2011 858 2109 templa
923 2012 1211 2088 deorum
1265 2012 1763 2089 immortalium
1786 2069 1806 2102 ,
1854 2019 2039 2088 tecta
2083 2011 2307 2100 urbia,
2358 2011 2570 2088 vitam
2619 2038 2767 2088 om-

293 2137 506 2212 nium
583 2136 871 2228 civium,
965 2140 1242 2217 Italiam
1329 2141 1628 2242 denique
1694 2143 1793 2235 ³²)
1879 2147 2097 2215 totam
2170 2140 2261 2214 ad
2334 2141 2623 2215 exitium
2689 2167 2769 2217 ac

293 2267 698 2342 vastitatem
769 2293 986 2344 vocas.
1090 2273 1360 2359 Quare,
1425 2271 1758 2370 quoniam
1808 2269 1919 2358 id,
1964 2268 2154 2368 quod
2201 2275 2307 2342 est
2346 2269 2651 2368 primum
2696 2277 2767 2345 et

395 2394 465 2466 δ’)
497 2399 784 2465 [denique].
820 2395 824 2398 ’

290 2595 713 2675 Ineleganter,
756 2605 819 2656 et
861 2606 1070 2657 contra
1113 2617 1289 2659 usum
1333 2597 1764 2667 Romanorum,
1812 2615 1974 2659 vocc.
2019 2594 2283 2655 habenda
2322 2600 2435 2662 est,
2477 2603 2539 2654 et
2579 2594 2776 2671 qratia

289 2701 470 2753 tanto
506 2692 825 2754 intervallo
861 2693 1133 2755 seiuncta
1169 2705 1327 2755 sunt.
1390 2729 1470 2742 —-
1506 2713 1622 2756 uon
1657 2701 1741 2755 est
1774 2692 2003 2773 saepius
2029 2689 2226 2751 inuno
2250 2689 2487 2751 homine.
2550 2687 2772 2769 Impro-

289 2788 496 2849 handa
547 2790 792 2851 videtur
833 2792 1136 2851 sententia
1179 2790 1398 2851 Mureti
1440 2791 1813 2853 adnotantis:
1870 2806 2031 2848 »non
2074 2785 2423 2848 Ciceronem
2464 2786 2571 2847 sed
2614 2786 2769 2849 Cati·

285 2884 477 2945 linam
519 2884 846 2965 significari
882 2895 1030 2965 puto
1046 2886 1098 2955 ‚''
1141 2907 1194 2966 p.
1240 2888 1389 2956 548:
1431 2888 1803 2947 contrarium
1847 2885 2133 2946 docemur
2175 2893 2305 2943 tum
2348 2902 2473 2943 voc.
2519 2882 2769 2960 saepius,

285 2991 422 3041 tum
479 2982 586 3051 iis,
641 3000 796 3062 quae
853 2983 1056 3061 paullo
1112 2992 1246 3063 post
1302 2983 1614 3063 leguntur:
1659 2983 2180 3063 »quotiescunque
2220 2997 2318 3038 me
2362 2978 2628 3057 petisti’',
2674 2987 2762 3037 et:

285 3096 696 3158 »quamquam
747 3078 1028 3139 videbam
1081 3079 1410 3158 perniciem
1464 3096 1661 3139 meam
1718 3096 1855 3138 cum
1909 3092 2128 3155 magna
2177 3074 2516 3135 calamitate
2567 3073 2765 3151 reipu-

283 3172 482 3235 blicae
539 3192 671 3235 esse
725 3176 1164 3236 coniunctam.''
1245 3210 1328 3221 -
1375 3192 1598 3237 summa
1639 3174 1815 3235 salus.
1900 3171 2129 3232 Harum
2172 3171 2505 3231 dictionum
2539 3180 2763 3231 utram-

285 3269 438 3330 libet
480 3272 830 3341 sustuleriS,
873 3272 1210 3333 orationem
1244 3290 1380 3333 meo
1414 3270 1662 3353 quidem
1698 3271 1931 3337 animo,
1967 3268 2401 3349 elegantiorem
2436 3264 2763 3346 effeceriS.”

285 3361 562 3427 Muretus
617 3366 656 3426 l.
699 3366 737 3427 l.
794 3401 878 3413 —-
931 3386 1163 3428 summa
1218 3377 1423 3429 autem
1477 3367 1638 3428 salus
1696 3366 1814 3428 dici
1871 3383 1995 3426 non
2046 3374 2273 3443 potest,
2316 3365 2433 3425 nisi
2469 3360 2763 3421 concedas

283 3462 470 3524 etiam
513 3462 780 3523 infimam
817 3466 914 3525 vel
947 3462 1293 3524 inferiorem
1331 3464 1587 3525 salutem
1621 3461 1875 3543 cogitari
1911 3479 2101 3541 posse.
2172 3496 2255 3507 —
2280 3456 2605 3539 periclitari
2638 3456 2697 3516 h.
2720 3456 2758 3515 1.

283 3559 534 3637 ponitur
573 3560 832 3640 passive,
887 3578 1069 3621 sensu
1112 3559 1504 3628 discriminis,
1552 3559 1805 3638 periculi
1850 3555 2176 3626 subeundi;
2220 3566 2284 3617 at
2326 3555 2484 3636 apud
2528 3552 2758 3614 Cicero-

283 3670 423 3713 nem
467 3670 708 3733 semper
747 3663 812 3714 et
853 3654 1080 3734 ubique
1121 3653 1452 3734 significat,
1503 3653 1839 3733 periculum
1882 3652 2079 3711 facere
2122 3652 2375 3713 alicuius
2418 3650 2539 3717 rei,
2580 3665 2757 3726 expe-

283 3748 422 3818 riri,
475 3758 746 3819 tentare,
788 3751 915 3812 sive
957 3751 1188 3831 passive
1205 3796 1221 3819 ,
1264 3750 1389 3811 sive
1433 3749 1750 3810 transitive
1784 3749 2041 3827 legatur.
2124 3780 2206 3792 —
2246 3746 2559 3807 amicorum
2585 3761 2755 3822 prae-

283 3844 450 3908 sidiis
503 3866 630 3909 non
684 3849 1163 3928 comprimuntur
1218 3856 1466 3907 conatus
1522 3844 1770 3905 nefarii:
1824 3860 2005 3923 porro
2048 3852 2252 3902 orator
2292 3841 2406 3901 sibi
2444 3841 2557 3920 ipsi
2593 3839 2753 3899 oblo—

281 3942 522 4019 quitur:
575 3962 716 4005 nam
769 3965 961 4026 quum
1016 3946 1296 4006 dixisset:
1350 3943 1719 4003 »amicorum
1773 3938 2089 4021 praesidiis
2139 3938 2462 4018 compressi
2504 3945 2755 3996 conatus

283 4045 418 4100 tuos
451 4040 778 4111 nefarioS,''
820 4044 1026 4103 statim
1067 4042 1329 4104 addidit:
1373 4041 1893 4121 »quotiescunque
1938 4055 2035 4097 me
2080 4036 2315 4115 petisti,
2358 4052 2467 4113 per
2500 4051 2597 4091 me
2640 4030 2753 4090 tibi

283 4132 544 4196 obstiti.’'
625 4170 708 4183 --
746 4138 908 4199 nullo
965 4139 1211 4200 tumultu
1257 4138 1485 4218 publice
1525 4136 1833 4203 concitato,
1874 4133 2091 4194 melius
2133 4132 2373 4192 fecisset
2415 4128 2655 4193 rhetor,
2698 4126 2749 4183 si

283 4227 376 4298 id,
418 4231 583 4312 quod
629 4243 772 4295 ante
815 4235 1020 4295 oculos
1053 4235 1318 4295 habebat
1359 4253 1434 4294 ex
1459 4242 1624 4294 ‘or-at.
1667 4252 1723 4311 p.
1768 4229 1933 4309 Sylla
1956 4230 2049 4289 Μ.
2086 4226 2135 4307 S
2170 4227 2277 4286 33:
2320 4224 2443 4283 sine
2478 4218 2748 4287 tumultu,

279 4322 723 4406 descripsisset,
765 4330 982 4391 omisso
1017 4330 1259 4409 publice.

355 4420 528 4483 Nunc
561 4423 680 4484 iam
713 4431 906 4504 aperte
937 4460 1020 4470 —-
1053 4424 1105 4485 si
1136 4444 1224 4485 me
1257 4424 1529 4493 consulis,
1559 4424 1782 4484 suadeo.
1845 4454 1927 4465 —
1951 4417 2127 4479 vitam
2153 4416 2404 4477 munium
2431 4412 2636 4473 civium
2662 4442 2745 4455 -·

277 4515 354 4575 ad
386 4517 624 4581 exitium
664 4538 734 4581 ac
778 4522 1098 4583 vastitatem
1130 4540 1308 4583 vocas
1367 4521 1481 4593 Qui
1516 4521 1630 4581 hoc
1663 4520 1875 4585 saciat,
1917 4515 2014 4575 vel
2048 4514 2153 4592 qui
2200 4513 2381 4573 talem
2429 4511 2741 4582 ὑπερβολὴν

276 4611 601 4677 defendere
663 4619 842 4689 velit,
904 4638 1026 4681 non
1081 4620 1254 4680 facile
1310 4619 1598 4681 invenies.
1681 4652 1763 4661 —-
1812 4613 1983 4674 huius
2031 4608 2274 4689 imperii.
2360 4604 2609 4666 Difficile
2646 4612 2740 4663 est

275 4706 440 4771 dictu
475 4714 622 4793 quid
657 4714 754 4777 his
786 4736 947 4780 vocc.
994 4718 1327 4787 indice-tur:
1371 4716 1676 4778 crederes:
1721 4712 1940 4775 »huius
1980 4708 2219 4790 imperii
2262 4704 2569 4787 proprium
2613 4698 2741 4761 est”
