3375 5500
2676 478 2770 522 vu

303 661 730 728 Bibliothecis
799 661 1074 748 publicis
1136 660 1430 727 nondum
1497 658 1838 727 exstructis
1905 657 2158 728 facilius
2212 666 2351 726 erat
2410 661 2767 730 multorum

303 781 572 849 nomine
630 781 830 876 libros
877 803 1240 867 supponere
1259 827 1282 858 ,
1349 782 1727 868 praesertim
1779 800 2003 848 eorum
2018 829 2041 860 ,
2096 781 2211 865 qui
2256 803 2391 850 non
2448 783 2563 850 diu
2616 792 2769 853 ante

296 902 645 979 vixissent,
722 902 958 988 quippe
1021 922 1298 987 quorum
1346 902 1584 987 scripta
1637 899 1889 968 avidius
1953 900 2321 985 legerentur
2364 907 2495 989 ⁸⁰),·
2571 911 2767 990 atque

299 1024 396 1088 sic
480 1022 746 1109 privatis
805 1021 1279 1106 imponebatur.
1392 1023 1618 1088 Quum
1685 1043 1837 1090 vero
1898 1021 1972 1086 in
2047 1021 2439 1091 bibliotheca
2507 1026 2767 1113 publica

297 1144 450 1210 libri
495 1150 714 1210 essent
757 1141 1068 1228 expositi,
1112 1141 1238 1206 hoc
1281 1140 1526 1207 fraudis
1571 1163 1774 1226 genus
1818 1141 2143 1208 cessabat:
2192 1143 2309 1209 sed
2348 1144 2530 1210 aliud
2566 1145 2763 1231 idque

296 1263 506 1347 magis
555 1263 752 1330 etiam
797 1261 1158 1328 cavendum
1196 1260 1374 1326 illius
1415 1260 1634 1328 locum
1675 1261 2067 1347 occupabat:
2114 1285 2267 1328 nam
2294 1263 2765 1332 bibliothecarii

293 1383 518 1450 venari
545 1383 840 1450 solebant
861 1382 1220 1450 multorum
1244 1381 1558 1448 librorum
1581 1382 1833 1467 copiam
1846 1429 1867 1460 ,
1896 1387 1963 1449 et
1982 1381 2275 1468 undique
2294 1406 2530 1468 magno
2556 1385 2767 1470 pretio

293 1501 500 1568 libros
547 1503 1052 1588 conquirebant3
1109 1524 1239 1586 quo
1303 1501 1502 1569 fiebat
1549 1508 1628 1570 ut
1675 1524 1807 1586 quo
1865 1502 2196 1587 antiquior
2241 1510 2309 1570 et
2347 1505 2552 1571 rarior
2593 1511 2763 1572 esset

295 1619 560 1688 libellus
609 1643 687 1688 eo
739 1622 943 1708 pluris
983 1621 1234 1688 veniret
1263 1625 1379 1706 ³¹).
1451 1622 1644 1688 Quae
1689 1621 1866 1690 fraus
1910 1621 2111 1706 igitur
2159 1629 2353 1690 antea
2396 1623 2469 1690 in
2508 1625 2762 1710 scriptis

292 1740 632 1825 aliquanto
695 1750 850 1809 ante
919 1741 1374 1808 defunctorum
1392 1787 1414 1818 ,
1468 1740 1672 1808 immo
1726 1741 2097 1826 aequalium
2114 1788 2137 1819 ,
2197 1744 2725 1833 committebatur
2742 1793 2763 1822 ,

291 1867 442 1946 post
491 1862 914 1928 bibliothecas
962 1861 1252 1947 publicas
1301 1865 1656 1928 exstructas
1708 1862 1780 1926 in
1826 1861 2274 1946 antiquiorum
2317 1863 2761 1932 monumentis

287 1983 514 2048 locum
577 1982 876 2049 habebat.
969 1982 1103 2047 Qui
1151 1981 1318 2048 hanc
1365 1980 1537 2048 vitae
1589 1982 2054 2049 sustentandae
2108 1983 2431 2050 rationem
2478 1989 2761 2068 praeter-

285 2101 597 2170 viderunt
610 2149 631 2180 ,
661 2101 846 2187 quasi
871 2101 1344 2187 triumphantes
1379 2101 1634 2187 saepius
1673 2109 2096 2188 rogaverunt,
2130 2104 2279 2188 quis
2318 2102 2585 2170 tandem
2621 2109 2761 2168 tam

285 2222 532 2288 stultus
561 2227 730 2289 esset
779 2227 855 2288 ut
889 2243 1008 2286 suo
1059 2221 1240 2307 operi
1283 2221 1568 2290 alienum
1603 2243 1847 2290 nomen
1874 2222 2255 2290 inscriberet
2269 2270 2290 2302 ,
2324 2245 2528 2308 quum
2563 2222 2757 2287 huius

287 2341 514 2427 scripti
563 2341 801 2426 gloria,
843 2341 902 2408 si
942 2364 1072 2427 qua
1115 2348 1288 2421 erat,
1338 2342 1594 2426 integra
1647 2341 1733 2407 ad
1788 2342 2093 2410 fictitium
2146 2347 2484 2410 auctorem
2543 2363 2764 2428 perve-

287 2462 483 2528 niret.
573 2462 712 2528 Qui
749 2461 908 2539 sibi,
955 2467 1022 2528 et
1063 2462 1338 2528 fortasse
1385 2461 1529 2528 aliis
1543 2510 1565 2541 ,
1611 2461 1735 2528 visi
1774 2468 1933 2530 sunt
1972 2462 2096 2530 hac
2143 2485 2277 2530 una
2314 2485 2387 2530 re
2426 2469 2564 2530 tam
2606 2460 2760 2527 sim-

287 2580 446 2666 plici
489 2581 883 2648 adversarios
928 2582 1364 2668 prostravisse.
1456 2583 1551 2648 At
1589 2582 1720 2648 illis
1762 2587 1937 2650 recte
1976 2583 2327 2668 opponitur
2372 2580 2608 2648 Galeni
2658 2585 2750 2664 ³²)

289 2702 676 2783 auctoritas,
730 2703 846 2788 qui
890 2701 1116 2769 scribit
1146 2702 1220 2767 in
1255 2723 1334 2769 eo
1377 2701 1521 2771 vico
1562 2703 1813 2770 Romae
1832 2751 1854 2782 ,
1896 2701 2003 2769 cui
2046 2701 2453 2769 Sandaliario
2498 2702 2589 2785 33)
2636 2689 2754 2766 no-

290 2846 447 2891 men
493 2830 592 2891 est
606 2871 628 2902 ,
675 2823 748 2889 in
797 2846 929 2908 quo
963 2823 1281 2909 plurimae
1325 2822 1758 2891 bibliothecae
1793 2829 1979 2891 erant
1993 2870 2015 2901 ,
2059 2821 2565 2891 controversiam
2614 2840 2755 2887 esse

285 2950 502 3011 ortam
564 2943 646 3013 de
709 2944 876 3010 libro
935 2942 1219 3029 quodam
1281 2942 1518 3008 Galeni
1576 2944 1845 3011 nomine
1888 2942 2200 3027 inscripto
2213 2990 2236 3020 ,
2302 2962 2497 3026 quem
2550 2960 2755 3022 quum

287 3067 555 3133 emisset
581 3064 816 3150 aliquis
848 3084 966 3149 pro
1000 3063 1236 3131 Galeni
1263 3084 1488 3149 opere,
1521 3062 1687 3131 alius
1724 3061 1829 3129 xm>
1864 3062 1966 3129 δύο
1994 3061 2137 3133 τοὺς
2172 3061 2446 3143 πρώτους
2486 3055 2746 3137 στίχους

285 3185 600 3265 ἀναγνοὺς
647 3184 863 3257 εὐθέως
901 3182 1208 3265 ἀπέρριψε
1255 3184 1326 3249 τὸ
1375 3181 1690 3266 γράμμα,
1735 3186 1918 3249 τοῦτο
1964 3180 2147 3260 μόνον
2200 3174 2749 3263 ἐπιφθεγξάμενος

284 3306 363 3379 ὦς
412 3307 522 3373 οὐκ
591 3303 761 3372 ἔστιν
825 3304 997 3385 λέξις
1062 3302 1222 3380 αὕτη
1291 3307 1574 3381 ramiro&
1647 3304 1755 3371 καὶ
1822 3302 2065 3381 ψευδῶς
2131 3298 2609 3382 ἐπιγέγραπται
2672 3296 2744 3360 τὸ

287 3424 546 3505 βιβλίον
599 3429 716 3512 ⁸⁴)-

273 3674 434 3725 Plinii
479 3675 550 3725 H.
583 3675 653 3726 N.
689 3676 815 3727 VII.
851 3680 935 3725 31.
973 3690 1074 3725 uno
1120 3674 1244 3726 vitio
1277 3675 1534 3736 liberavit,
1569 3676 1786 3727 alterum
1828 3689 1918 3739 per
1961 3688 2075 3727 eam
2110 3659 2515 3727 emendationem
2559 3673 2752 3718 certum

277 3758 456 3809 vitium
489 3759 706 3811 residere
739 3774 912 3823 passus
937 3767 1026 3809 cst.
1062 3760 1349 3823 Legebatur
1377 3760 1540 3810 enim:
1579 3784 1602 3803 n
1618 3761 1695 3809 Μ.
1714 3760 1961 3811 Varronis
1987 3759 2043 3808 in
2072 3758 2400 3817 bibliotheca,
2434 3767 2564 3819 quae
2591 3752 2753 3815 prima

274 3843 327 3892 in
375 3844 484 3893 orbe
530 3844 848 3910 (Thorbecke
891 3850 1024 3895 recte
1069 3842 1201 3907 urbe}
1245 3844 1311 3894 ab
1355 3843 1537 3894 Asinio
1586 3843 1821 3894 Pollione
1864 3857 1932 3894 ex
1976 3841 2227 3891 manubiis
2271 3840 2524 3905 publicata
2566 3832 2750 3883 Romae

273 3930 382 3978 est”
415 3934 530 3980 cett.
599 3929 802 3980 Nomen
836 3929 973 3979 urbis
1007 3928 1260 3993 irrepsisse
1293 3934 1556 3994 postquam
1587 3929 1887 3993 depravatus
1920 3933 2028 3977 erat
2061 3926 2224 3987 locus,
2260 3926 2315 3977 in
2351 3925 2518 3989 aprico
2544 3930 2632 3973 est.

343 4008 408 4077 ³⁰)
443 4014 696 4079 Exempla
728 4013 876 4065 huius
909 4015 984 4065 rei
1017 4014 1201 4078 passim
1234 4013 1472 4077 leguntur
1505 4015 1557 4065 in
1591 4013 1847 4065 Ciceronis
1880 4013 2057 4063 Bruto.

340 4095 405 4163 ὅΙ)
438 4096 498 4150 Si
531 4098 654 4149 talia
698 4106 867 4151 nostra
906 4106 1069 4151 aetate
1112 4114 1146 4149 a
1187 4098 1446 4151 Simonide
1491 4099 1622 4151 facta
1653 4114 1762 4151 esse
1795 4099 2050 4158 videmus,
2098 4098 2500 4149 dubitabimusne
2534 4094 2597 4143 de
2625 4092 2747 4141 anti-

273 4183 460 4247 quitate
474 4183 501 4234 ἲ

340 4263 404 4332 ³²)
437 4266 619 4321 Galen.
665 4266 798 4337 περὶ
830 4268 940 4319 τῶν
979 4268 1138 4319 ἰδίων
1179 4266 1418 4331 βιβλίων
1449 4275 1486 4319 t.
1515 4270 1616 4321 IV.
1645 4285 1695 4333 p.
1727 4273 1849 4320 361.
1880 4269 1991 4319 init.
2028 4250 2110 4319 ed.
2151 4266 2309 4317 Basil.
2379 4265 2572 4314 Locum
2605 4259 2743 4307 hunc

273 4352 430 4403 debeo
463 4354 820 4418 Schoettgenio
851 4376 874 4397 n
891 4354 955 4404 de
988 4354 1200 4404 librariis
1235 4362 1286 4406 et
1319 4354 1602 4419 bibliopolis
1633 4355 1987 4419 antiquorum”
2022 4352 2049 4415 §
2089 4355 2110 4398 1
2125 4354 2168 4397 1.
2187 4350 2325 4411 Lips.
2353 4350 2499 4396 1710.
2567 4340 2646 4392 Cf·
2684 4342 2748 4391 de

273 4438 452 4487 eodem
485 4446 781 4503 argumento
824 4438 1059 4505 Stolberg
1091 4441 1118 4505 ᾗ
1153 4446 1182 4489 2
1219 4440 1352 4509 περὶ
1388 4442 1794 4509 στιχομετρίας,
1834 4445 1884 4489 et
1916 4439 1991 4488 10.
2028 4439 2061 4485 a
2095 4434 2299 4486 Wower
2326 4432 2389 4481 de
2423 4427 2746 4493 Polymathia

274 4535 320 4583 p.
363 4525 476 4573 170.

339 4600 401 4671 ⁵⁵)
434 4604 514 4657 Cf.
549 4605 682 4658 Gell.
716 4608 784 4659 N.
821 4608 890 4659 A.
928 4608 1136 4660 XVIII.
1175 4614 1222 4658 4.

339 4686 403 4755 ³4)
435 4692 595 4744 Plura
635 4695 944 4758 superiorum
993 4702 1276 4759 temporum
1324 4694 1558 4761 exempla
1601 4692 1745 4745 affert
1790 4688 2013 4743 Galenus
2060 4688 2114 4737 in
2162 4698 2341 4734 comm.
2386 4680 2450 4729 ad
2490 4678 2644 4742 Hipp.
2684 4676 2745 4726 de

273 4772 467 4827 humor.
505 4777 656 4831 XVI.
694 4794 743 4843 p.
782 4784 829 4831 5.
867 4782 944 4835 ed.
979 4780 1155 4831 Knhn.
