3375 5500
1846 449 1927 511 18

669 660 982 742 servandi
1023 681 1234 758 quam
1288 660 1568 729 tuorum
1615 649 2055 725 consiliorum
2100 650 2689 750 reprimendorum
2728 675 2935 726 causa
2964 666 3142 750 pro-'-

669 795 1021 892 fugerunt.
1122 786 1318 858 Num
1381 780 1662 856 infitiari
1710 786 1905 878 potes
1956 787 2024 853 te
2084 780 2203 854 illo
2248 780 2397 877 ipso
2444 780 2555 853 die
2578 839 2597 868 ,
2648 779 2820 853 meis
2866 779 3141 878 praesi-

671 921 804 997 diis
827 979 846 1008 ,
894 942 1049 992 mea
1083 910 1442 1011 diligentia
1484 908 2015 984 circumclusum
2037 967 2054 994 ‚
2096 932 2519 981 commovere
2561 915 2631 980 te
2662 914 2898 981 contra
2940 931 3138 980 rem-

667 1047 1018 1149 publicam
1060 1067 1201 1116 11011
1239 1040 1548 1140 potuisse
1568 1097 1586 1126 ‚
1639 1062 1860 1136 quum
1899 1044 1980 1110 tu
1999 1095 2018 1124 ‚
2070 1037 2378 1110 discessu
2416 1042 2800 1110 ceterorum
2821 1092 2839 1121 ‚
2884 1040 3142 1106 nostra

667 1186 939 1262 tamen,
990 1172 1112 1270 qui
1157 1168 1761 1254 remansissemus»,
1814 1164 2021 1239 caede
2056 1170 2460 1239 contentum
2496 1171 2566 1237 te
2606 1188 2755 1237 esse
2798 1161 3137 1235 dicebas?

677 1309 744 1380 8.
798 1301 1039 1382 Quid?
1089 1323 1310 1398 quum
1355 1305 1435 1371 tu
1475 1297 1568 1388 1¹³)
1620 1302 1690 1368 te
1726 1295 2094 1368 Praeneste
2130 1286 2467 1366 Kalendis
2507 1291 2674 1389 ipsis
2707 1289 3136 1364 Novembri-

672 1433 808 1507 bus
857 1435 1355 1526 occupaturum
1403 1431 1740 1498 nocturno
1793 1423 2061 1520 impetu
2107 1446 2255 1494 esse
2304 1421 2714 1506 confideres,
2760 1417 3139 1492 sensistine

670 1562 856 1634 illam
902 1555 1238 1632 coloniam
1298 1578 1454 1627 meo
1513 1552 1711 1624 iussu
1774 1551 1948 1624 meis
1996 1549 2353 1648 praesidiis
2372 1607 2392 1637 ,
2452 1547 2783 1621 custodiis
2838 1545 3135 1645 vigiliis-

670 1715 807 1788 que
869 1687 966 1780 20)
1037 1708 1186 1757 6886
1261 1681 1661 1756 munitam?
1761 1679 1958 1752 Nihil
2048 1679 2195 1778 agis
2217 1737 2235 1766 ‚
2309 1677 2482 1752 nihil
2564 1675 2823 1749 moliris
2843 1733 2863 1762 ‚
2950 1673 3140 1747 nihil

675 1816 974 1915 cogitaS,
1025 1811 1195 1909 quin
1241 1813 1337 1903 ²¹)
1409 1835 1538 1908 ego
1585 1835 1725 1883 non
1784 1807 1992 1882 modo
2044 1807 2359 1893 audiam,
2412 1805 2533 1879 sed
2582 1804 2793 1878 etiam
2849 1803 3135 1876 videam

669 1945 1009 2044 planeque
1065 1938 1376 2012 sentiam.
1478 1937 1604 2010 IV.
1675 1937 2116 2034 Recognosce
2175 1934 2457 2008 tandem
2523 1956 2796 2007 mecum
2845 1939 3133 2006 noctem

664 2073 854 2146 illam
923 2067 1380 2166 superiorem3
1459 2065 1596 2138 iam
1673 2063 2019 2162 intelliges
2044 2122 2063 2150 ,
2137 2062 2357 2136 multo
2410 2085 2521 2136 me
2574 2061 2853 2160 vigilare
2896 2061 3135 2136 acrius

754 2199 819 2267 ¹9)
853 2207 924 2251 tu.
959 2199 1103 2250 omis.
1244 2192 1307 2262 ²⁰)
1343 2195 1544 2260 vigiliis.
1684 2191 1748 2262 ²¹)
1782 2195 1933 2261 quod.

659 2465 889 2526 sulibus
961 2464 1266 2532 creandis,
1338 2481 1458 2542 quo
1514 2463 1612 2522 die
1653 2457 1977 2543 'principes
2034 2461 2294 2523 civitatis
2362 2459 2547 2519 Roma
2612 2459 2941 2540 profugisse
3007 2478 3141 2520 non

655 2571 748 2622 est
804 2559 1159 2628 verisimile;
1202 2559 1555 2639 praesertim
1591 2578 1727 2619 cum
1763 2559 1837 2618 de
1882 2577 1952 2618 ea
1994 2577 2060 2618 re
2098 2557 2256 2636 apud
2298 2565 2531 2615 6616108
2574 2556 2895 2635 scriptores
2938 2559 3138 2618 altum

657 2659 736 2718 sit
772 2657 1095 2716 silentium.
1168 2653 1375 2735 Neque
1410 2655 1767 2715 nominatim
1805 2664 1945 2714 61116
1982 2654 2141 2713 (116111
2172 2650 2223 2712 V
2246 2650 2371 2710 Kal.
2395 2650 2537 2711 Nov.
2569 2670 2602 2709 a
2626 2649 2909 2711 Cicerone
2940 2655 3136 2716 fuisse

656 2756 987 2815 indicatum
1039 2754 1186 2814 dicit
1243 2752 1513 2813 Halmius
1557 2749 1642 2833 (in
1684 2753 1777 2813 ed.
1830 2748 1986 2831 Lips.
2032 2771 2085 2830 p.
2128 2748 2259 2831 28),
2312 2748 2417 2808 sed
2468 2748 2531 2807 in
2573 2765 2710 2806 eum
2766 2748 2959 2818 diem,
3004 2774 3137 2833 quo

655 2850 896 2909 comitia
951 2847 1324 2909 haberentur
1346 2894 1361 2917 ,
1419 2849 1661 2909 caedem
1728 2850 2083 2927 optimatum
2146 2848 2337 2907 suisse-
2393 2845 2654 2905 dilatam.
2756 2880 2837 2890 —-
2899 2852 3137 2910 tuorum

656 2944 1024 3005 consiliorum
1063 2944 1550 3023 reprimendorum
1591 2962 1768 3005 eausa
1805 2945 2203 3023 profuyerunt.
2288 2943 2465 3003 Plura
2506 2944 2571 3003 111
2612 2942 2709 3001 1118
2752 2944 3135 3006 animadver-

658 3043 843 3102 tenda
880 3051 1036 3102 sunt.
1087 3042 1354 3103 Primum
1389 3044 1628 3123 ingrata
1655 3044 1759 3102 illa
1790 3042 2075 3121 repetitio
2109 3040 2553 3100 terminationis
2588 3036 2649 3098 111
2674 3058 2872 3108 orum;
2904 3040 3134 3101 deinde

657 3158 786 3198 rem
827 3140 1068 3198 nonnisi
1104 3158 1180 3198 ex
1208 3139 1324 3200 hoc
1354 3140 1486 3199 loco
1525 3158 1654 3199 esse
1692 3148 1929 3206 notam;
1962 3137 2175 3205 tertio,
2212 3154 2368 3195 nova
2399 3136 2501 3195 illa
2530 3136 2683 3194 ratio
2714 3136 2788 3195 ab
2827 3138 3137 3215 optimati-

655 3236 769 3295 bus
811 3236 1150 3315 excogitata
1187 3245 1256 3294 ut
1295 3236 1545 3295 alicuius
1585 3236 1831 3294 consilia
1861 3232 2243 3312 profuyiendo
2272 3231 2679 3310 reprimerent!
2716 3243 2932 3311 quarto
2964 3233 3135 3311 quod

658 3332 906 3404 consilia
943 3350 1065 3390 non
1101 3330 1542 3409 reprimuntur:
1590 3330 1707 3389 hoc
1749 3339 1951 3388 autem
1996 3339 2161 3388 recte
2214 3329 2435 3388 dicitur
2479 3329 2553 3388 de
2591 3330 2682 3397 vi,
2725 3329 2979 3408 impetu:
3024 3331 3137 3389 sed

659 3428 909 3488 consilia
940 3428 1110 3486 irrita
1141 3425 1323 3494 fiunt,
1353 3426 1784 3504 impediuntur.
1868 3458 1949 3468 -—
1970 3423 2109 3482 meis
2134 3423 2473 3501 praesidiis,
2514 3441 2641 3483 mea
2681 3424 2984 3502 diliqemia
3018 3426 3135 3485 cir-

663 3522 1025 3581 cumclusum.
1071 3521 1554 3582 Circumcludere
1602 3520 1875 3580 Ciceroni
1914 3537 2036 3579 non
2074 3528 2165 3578 est
2208 3520 2272 3578 in
2310 3538 2456 3587 usu,
2495 3520 2598 3598 qui
2638 3538 2710 3580 eo
2741 3540 3137 3582 sensuxusur-

660 3628 764 3697 pat
825 3618 1152 3679 includere:
1203 3618 1516 3699 praesidiis
1568 3618 1869 3678 Ciceronis
1928 3636 2052 3676 non
2102 3616 2329 3677 includi
2384 3614 2699 3677 Catilinam
2751 3619 2877 3677 dixi
2920 3637 3136 3697 supra;

658 3715 850 3774 multo
879 3716 1080 3775 minus
1116 3716 1429 3795 diligentia
1473 3714 1777 3775 Ciceronis
1820 3712 2207 3773 circumcludi
2243 3721 2497 3792 poterat.
2589 3747 2670 3757 —-
2711 3728 3047 3774 commovere
3088 3720 3139 3774 te

661 3818 861 3872 contra
911 3815 1318 3893 rempublicam
1375 3832 1490 3873 non
1541 3811 1795 3892 'potuisse
1846 3812 1983 3872 vide
2030 3811 2106 3870 ad
2148 3809 2196 3890 ᾖ
2236 3812 2291 3869 6.
2383 3844 2464 3854 -—
2504 3811 2673 3869 caede
2722 3816 2773 3868 te
2817 3816 3141 3869 contentum

661 3926 780 3967 esse
827 3908 1066 3969 dicebas.
1164 3911 1278 3970 Pro
1329 3910 1555 3969 dicebas
1613 3909 1951 3968 necessario
2010 3906 2342 3985 requiritur
2392 3905 2621 3965 diceres.
2674 3904 2885 3986 (Madv.
2937 3905 3137 3965 Gram.

665 4000 793 4061 Lat.
824 4001 873 4081 §
908 4003 1041 4064 383.
1080 4006 1214 4065 adn.
1258 4007 1312 4064 4.
1349 4005 1494 4086 2⁸0);
1538 4023 1719 4083 porro
1770 4004 2024 4063 Catilina
2081 4001 2231 4060 haec
2284 4001 2462 4070 dixit,
2512 4000 2583 4081 (si
2626 4020 2892 4082 unquam
2934 4002 3138 4082 dixit),

665 4108 988 4179 antequam
1025 4101 1236 4160 caedes
1271 4102 1426 4160 facta
1455 4111 1614 4160 erat:
1656 4101 1846 4179 igitur
1880 4118 2003 4159 non
2032 4104 2321 4158 contentus
2356 4116 2481 4159 sum
2508 4100 2643 4161 sed:
2685 4103 2975 4157 contentus
3010 4116 3139 4157 ero:

665 4196 856 4274 igitur
885 4214 1008 4255 non
1044 4197 1367 4256 dicendum
1402 4207 1582 4256 esset:
1625 4215 1753 4256 eum
1786 4196 2011 4256 dicebas
2048 4201 2100 4255 te
2134 4201 2450 4255 contentum
2478 4216 2619 4266 esse,
2658 4196 2785 4257 sed:
2829 4212 2955 4253 cum
2988 4192 3141 4253 diee-

663 4309 758 4350 res
801 4297 1119 4353 contentum
1160 4298 1212 4352 te
1251 4292 1392 4371 fore.
1475 4327 1556 4339 --
1597 4298 1649 4351 te
1682 4293 1991 4352 Praeneste
2024 4297 2441 4369 occupaturum.
2526 4291 2609 4353 De
2647 4312 2716 4352 ea
2754 4310 2819 4350 re
2854 4290 2940 4349 nil
2979 4290 3139 4369 apud

667 4396 900 4447 ceteros
943 4397 1216 4449 auctores
1257 4390 1479 4451 inveni.
1561 4423 1643 4434 ——
1674 4407 1796 4449 meo
1824 4387 1999 4449 iussu.
2052 4387 2131 4448 Ut
2162 4408 2339 4469 supra
2372 4407 2499 4448 mea
2528 4387 2859 4467 diliyentia,
2896 4388 2979 4446 sic
3014 4385 3075 4445 h.
3102 4387 3137 4444 1.

662 4501 783 4542 meo
817 4482 980 4544 iussu
1021 4502 1528 4564 supervacaneum
1569 4494 1676 4547 est.

747 4576 1093 4657 Recoqnosee
1135 4584 1362 4643 tandem
1602 4582 1665 4643 in
1708 4600 1821 4661 qua
1862 4581 2001 4641 urbe
2039 4580 2317 4641 vivimus?
2398 4614 2479 4625 —-
2508 4581 2737 4641 tandem
2770 4582 2973 4658 inepte
3008 4577 3067 4637 h.
3100 4571 3138 4636 1.

670 4674 914 4751 ponitur
957 4693 1066 4754 pro
1109 4676 1378 4756 denique,·
1421 4679 1526 4739 diu
1562 4678 1680 4739 iam
1716 4688 1847 4738 erat
1885 4686 2207 4756 occupatus
2242 4676 2306 4736 in
2340 4678 2753 4756 recognitione
2788 4676 2923 4743 illa,
2966 4673 3138 4733 cuius

671 4767 746 4828 ad
782 4766 964 4833 finem
1000 4776 1276 4850 pervenit
1305 4776 1612 4841 mentione
1648 4776 1811 4838 illius
1838 4774 2035 4837 noctis
2067 4773 2225 4856 apud
2261 4771 2529 4835 Laecam.
2613 4806 2694 4819 --
2726 4777 2941 4833 noctem
2968 4768 3141 4829 illam
