3375 5500
556 420 688 462 XXX

560 607 694 672 vita
735 606 882 688 post
931 623 986 664 a.
1035 620 1097 662 u.
1149 619 1204 662 c.
1257 598 1408 660 722.
1457 594 1860 679 conscripto,
1903 595 2061 660 haec
2096 591 2175 661 de
2214 595 2343 660 illis
2390 595 2677 681 epistolis
2716 601 3077 663 testatur:

565 752 600 786 a
618 743 784 809 quae
829 705 1211 808 (volumina)
1250 717 1364 801 qui
1399 716 1606 798 legat,
1644 735 1779 779 non
1816 715 2100 781 multum
2138 714 2462 781 desiderat
2494 717 2849 782 historiam
2898 737 3077 783 con-

561 847 808 910 textam
879 859 1106 906 eorum
1162 835 1600 922 temporum.”
1687 833 1795 900 Ab
1867 835 2095 901 Attico
2148 841 2431 902 servatas
2488 835 2800 922 epistolas
2822 885 2847 914 ,
2910 843 3079 921 post

562 961 740 1028 illius
782 965 1060 1026 mortem
1105 979 1248 1025 esse
1293 957 1498 1023 editas
1549 954 1901 1022 verisimile
1938 955 2214 1022 videtur.
2308 955 2565 1022 Quibus
2608 977 2823 1040 quum
2863 957 3035 1022 loco
3052 1006 3077 1035 ,

563 1087 640 1148 ut
693 1079 956 1146 falsario
996 1083 1174 1145 certe
1225 1077 1436 1144 visum
1479 1081 1580 1142 est
1621 1081 1777 1161 apto
1797 1123 1819 1153 ,
1864 1073 2088 1142 addita
2137 1080 2353 1142 essent
2398 1075 2591 1142 verba
2634 1077 2749 1141 illa
2802 1099 3075 1162 suppo-

563 1201 690 1267 sita
708 1249 728 1278 ,
791 1197 1246 1264 auctoritatem
1310 1197 1584 1280 adeptae
1648 1201 1805 1261 sunt
1872 1196 2038 1260 istae
2093 1196 2453 1274 orationes,
2500 1215 2667 1280 quae
2714 1195 3077 1262 Cicerone

564 1316 1054 1400 indignissimae
1107 1322 1282 1381 sunt.
1377 1315 1508 1380 Sed
1562 1314 1719 1380 licet
1776 1315 1907 1380 alia
1948 1315 2203 1381 ratione
2243 1316 2555 1400 epistolae
2602 1315 2827 1382 editae
2881 1316 3073 1394 sint,

566 1460 762 1522 quam
807 1458 928 1522 ego
969 1435 1274 1523 proposui
1288 1483 1308 1514 ,
1351 1435 1550 1500 modo
1592 1455 1728 1499 non
1772 1457 1813 1499 a
1846 1433 2121 1512 Tirone,
2162 1457 2310 1501 mea
2350 1435 2517 1500 nihil
2560 1437 2760 1504 refert
2776 1461 2798 1516 3
2842 1457 3074 1520 quum

566 1565 815 1624 certum
867 1557 956 1621 sit
1010 1556 1423 1640 Madvigium
1480 1577 1618 1620 non
1668 1576 1859 1640 posse
1916 1554 2310 1621 sententiam
2352 1577 2538 1620 suam
2579 1557 2871 1642 probare
2934 1559 3075 1624 hoc

565 1677 710 1743 solo
752 1682 1138 1760 argumento
1187 1676 1366 1761 quod
1402 1675 1787 1741 indicaverit
1826 1673 2145 1740 Orellium
2193 1675 2263 1738 in
2305 1673 2573 1741 nomine
2605 1676 2866 1740 falsarii
2921 1697 3075 1743 esse

566 1799 843 1882 lapsum.
933 1797 998 1860 A
1045 1797 1282 1864 studiis
1323 1797 1586 1862 illorum
1628 1801 1995 1880 temporum
2014 1841 2037 1872 ‚
2083 1815 2251 1879 quae
2299 1799 2447 1879 post
2484 1794 2826 1860 Ciceronis
2878 1817 3072 1861 mor-

566 1921 702 1981 tem
755 1921 982 1980 secuta
1017 1921 1208 1992 sunt,
1247 1935 1384 1979 non
1429 1915 1779 1980 abhorrere
1823 1914 1987 1980 tales
2032 1913 2361 1980 orationes
2398 1915 2714 1993 conflare,
2758 1937 2911 1984 non
2964 1923 3072 1984 est

569 2033 832 2100 difficile
874 2034 1094 2119 paucis
1139 2033 1601 2098 demonstrare.

659 2154 843 2217 Nam
908 2151 1209 2218 libertate
1269 2151 1544 2228 amissa,
1587 2151 1745 2216 licet
1798 2171 2038 2216 nomen
2086 2157 2155 2216 et
2212 2151 2447 2217 umbra
2493 2153 2653 2237 reip.
2708 2161 3064 2232 maneret,

571 2272 950 2358 eloquentia
971 2278 1148 2338 retro
1196 2291 1268 2338 se
1291 2271 1484 2348 tulit,
1523 2274 1601 2336 ut
1643 2270 1739 2335 ait
1786 2271 2033 2336 Seneca
2081 2272 2207 2355 ιω)
2222 2319 2242 2348 ,
2283 2275 2350 2337 et
2393 2270 2714 2356 quidquid
2742 2271 3073 2338 Romana·

570 2391 878 2456 facundia
919 2391 1150 2457 habuit
1163 2437 1186 2468 ‚
1228 2390 1406 2474 quod
1449 2390 1761 2456 insolenti
1801 2391 2115 2456 Graeciae
2147 2397 2266 2456 aut
2306 2399 2663 2477 opponeret
2700 2397 2816 2458 aut
2863 2397 3074 2478 prae-'

569 2510 766 2576 ferret
782 2557 805 2588 ,
869 2509 1040 2576 circa
1093 2509 1216 2599 ¹⁴⁷)
1290 2511 1673 2577 Ciceronem
1748 2509 2050 2576 effloruit.
2140 2512 2240 2577 Ut
2294 2495 2485 2577 enim*
2528 2511 2703 2597 apud
2756 2513 3061 2580 Graecos

572 2634 865 2714 tempore
915 2631 1240 2698 Demetrii
1294 2629 1636 2708 Phalerei,
1683 2651 1880 2715 quem
1924 2630 2233 2696 ultimum
2280 2637 2607 2697 oratorum
2661 2631 3057 2696 Atticorum

570 2749 869 2817 nominat
913 2749 1398 2817 Quinctilianus
1414 2800 1434 2831 ,
1491 2752 1735 2837 quique
1775 2749 2023 2837 primus
2071 2751 2417 2817 inclinasse
2459 2747 2904 2834 eloquentiam
2947 2747 3059 2813 di-

573 2869 746 2934 citur
774 2881 793 2920 ¹
809 2868 898 2959 ⁸⁸)
918 2918 940 2949 ,
985 2872 1175 2939 fictae
1215 2873 1298 2937 ad
1337 2872 1773 2939 imitationem
1799 2873 1926 2938 fori
1950 2873 2503 2957 consiliorumque
2528 2871 2838 2937 materiae
2868 2871 3057 2956 apud

578 2990 864 3056 Graecos
928 2989 1140 3059 dictae
1205 2998 1360 3058 sunt
1375 3042 1396 3071 ,
1468 2993 1562 3058 sic
1634 2992 1860 3058 Latini
1921 2992 2178 3059 dicendi
2232 2997 2677 3077 praeceptores
2738 2992 3058 3056 extremis

577 3108 796 3175 Crassi
833 3112 1234 3195 temporibus
1281 3112 1532 3177 Romae
1583 3133 1724 3177 esse
1776 3117 2131 3196 coeperunt
2174 3108 2323 3197 ¹⁴⁹).
2397 3110 2697 3175 Quorum
2740 3129 3055 3195 praecep—

575 3234 796 3294 torum
859 3228 1142 3293 maxime
1198 3230 1472 3313 insignis
1525 3230 1656 3293 fuit
1703 3230 1995 3307 Plotius,
2048 3230 2160 3315 qui
2216 3236 2439 3295 tamen
2490 3230 2717 3295 multis
2772 3229 3057 3295 minime

577 3346 970 3433 probabatur
983 3394 1005 3425 ,
1053 3348 1150 3413 ita
1190 3354 1270 3413 ut
1315 3348 1542 3413 Cicero
1556 3393 1578 3424 ,
1634 3347 1751 3431 qui
1800 3348 1939 3412 eius
1994 3348 2301 3415 audiendi
2342 3347 2799 3433 cupidissimus
2842 3349 3053 3415 fuisse

578 3466 834 3531 videtur
847 3512 870 3543 ‚
931 3467 1319 3533 auctoritate
1375 3464 1719 3531 hominum
1778 3465 2299 3533 doctissimorum
2349 3469 2794 3535 contineretur
2807 3517 2827 3548 ,
2888 3470 3053 3555 quin

579 3585 767 3651 illum
838 3584 1049 3652 adiret
1101 3590 1248 3673 ¹⁸⁰).
1343 3586 1711 3667 Romanam
1762 3588 2169 3652 iuventutem
2230 3585 2315 3651 ad
2376 3587 2539 3653 tales
2600 3596 3053 3674 praeceptores

639 3909 726 3976 1⁴⁶)
759 3914 836 3963 M.
867 3913 1064 3965 Seneca
1096 3921 1254 3978 pater.
1289 3914 1464 3965 Contr.
1500 3915 1534 3964 1.
1568 3914 1614 3964 1.
1651 3915 1804 3979 praef.
1841 3930 1889 3979 p.
1929 3918 2013 3964 65.

640 3994 725 4059 14⁷)
759 3996 934 4045 Utitur
963 3996 1184 4057 Seneca,
1215 3999 1304 4062 qui
1333 3996 1590 4048 Ciceronis
1616 3997 1721 4048 sere
1738 3998 1963 4063 aequalis
1992 3998 2089 4047 dici
2106 4002 2295 4062 potest,
2324 3995 2501 4061 (praef.
2522 3998 2763 4047 adcontr.
2781 3996 2817 4047 1.
2837 3999 2881 4049 Ι.
2901 4014 2953 4063 p.
2976 4002 3058 4049 67.

571 4082 755 4147 quippe
789 4094 942 4145 quem
975 4095 1079 4130 non
1113 4088 1250 4131 aetas
1283 4082 1378 4131 sibi
1411 4081 1670 4145 eripuisset
1681 4104 1697 4141 ;
1734 4083 1984 4132 bellorum
2016 4089 2185 4133 autem
2216 4082 2442 4133 civilium
2474 4082 2613 4132 furor
2640 4082 2890 4135 Senecam
2927 4086 3061 4134 intra

571 4164 820 4215 coloniam
867 4178 1011 4214 suam
1051 4163 1277 4227 retinuit)
1323 4179 1430 4215 voc.
1474 4160 1632 4225 circa,
1677 4166 1814 4230 quod
1854 4168 1989 4232 apud
2032 4168 2321 4219 recentioris
2365 4169 2481 4219 aevi
2512 4169 2773 4233 scriptores
2805 4182 2953 4233 saepe
2990 4168 3061 4217 ita

570 4249 730 4299 vitam
775 4254 826 4299 et
869 4254 1086 4298 aetatem
1133 4246 1344 4298 alicuius
1389 4248 1611 4297 hominis
1651 4249 1913 4313 doeignat,
1956 4258 2013 4302 ut
2046 4264 2233 4301 nomen
2278 4251 2377 4302 loci
2414 4266 2507 4317 pro
2544 4260 2769 4316 tempore
2812 4260 3057 4317 ponatur,

571 4348 674 4397 qua
718 4333 1080 4396 significatione
1113 4332 1247 4395 apud
1280 4332 1574 4385 Ciceronem
1609 4341 1664 4385 et
1696 4334 2001 4401 antiquiores
2039 4351 2143 4386 non
2178 4337 2455 4388 invenitur:
2490 4336 2553 4388 cf.
2590 4337 2707 4388 adn.
2748 4340 2828 4385 93.
2865 4335 3058 4386 Handii

572 4416 790 4469 Turseli.
823 4417 896 4467 ΙΙ.
933 4432 984 4479 p.
1021 4420 1106 4467 65.

641 4497 727 4567 148)
761 4499 964 4562 Quina.
1000 4500 1071 4551 x.
1113 4507 1157 4552 1.
1193 4502 1220 4567 5
1255 4507 1340 4555 so.

640 4582 726 4648 1⁴⁹)
761 4583 964 4647 Quinct.
1000 4585 1073 4634 11.
1111 4592 1160 4634 4.
1195 4586 1221 4650 ς
1257 4594 1339 4637 42.

642 4665 726 4733 ¹⁵⁰)
761 4666 864 4723 Cic.
901 4670 1034 4734 apud
1063 4668 1202 4724 Suet.
1239 4671 1302 4723 de
1337 4670 1415 4725 Ol.
1452 4672 1600 4726 Rhet.
1631 4690 1674 4723 c.
1714 4678 1772 4736 2,
1809 4673 1871 4725 cf.
1909 4674 1983 4725 M.
2021 4673 2231 4727 Seneca.
2284 4674 2457 4729 Contr-
2494 4674 2566 4726 11.
2598 4672 2767 4725 Praef.
2804 4688 2851 4737 p.
2890 4673 3000 4723 147.
