3375 5500
1420 429 1504 493 27

235 639 542 725 nemini,
617 636 798 710 vocis
869 641 1222 733 exspectas
1285 635 1809 723 contumeliam,
1876 661 2096 736 quum
2149 640 2241 714 sis
2292 642 2695 740 gravissimo

238 767 500 842 iudicio
565 763 1050 839 taciturnitatis
1123 766 1535 862 oppressus?
1635 765 1879 842 Quid?
1958 768 2145 864 quod
2215 769 2516 845 adventu
2574 781 2697 846 tuo

241 898 384 972 ista
437 893 760 969 subsellia
821 893 1209 965 vacuefacta
1259 899 1423 965 sunt
1440 951 1457 979 ,
1525 892 1715 990 quod
1790 917 2028 968 omnes
2088 897 2510 988 consulares,
2577 901 2702 998 qui

242 1025 382 1098 tibi
460 1046 785 1122 persaepe
867 1020 958 1094 ad
1035 1021 1316 1094 caedem
1400 1020 1759 1094 constituti
1832 1021 2147 1110 fuerunt,
2224 1023 2431 1099 simul
2493 1032 2703 1124 atque

243 1150 568 1227 assedisti
587 1207 606 1236 ,
674 1155 942 1248 partem
1016 1148 1221 1222 istam
1289 1147 1773 1223 subselliorum
1838 1151 2101 1224 nudam
2156 1158 2363 1250 atque
2426 1153 2704 1226 inanem

242 1282 714 1378 reliquerunt,
761 1301 898 1374 quo
945 1277 1228 1350 tandem
1279 1277 1507 1349 animo
1557 1276 1685 1351 hoc
1733 1280 1829 1372 ⁴⁰)
1877 1279 2009 1352 tibi
2055 1281 2415 1354 ferendum
2455 1285 2707 1380 putas?

250 1415 374 1487 17.
451 1406 643 1480 Servi
706 1405 1094 1478 mehercule
1162 1404 1299 1478 mei
1357 1404 1415 1477 si
1463 1429 1572 1478 me
1621 1406 1755 1480 isto
1809 1415 2009 1506 pacto
2055 1415 2473 1498 metuerent,
2509 1416 2589 1483 ut
2641 1416 2709 1484 te

245 1543 584 1612 metuunt
629 1559 868 1607 omnes
919 1533 1100 1607 cives
1141 1533 1287 1620 tui,
1342 1532 1629 1607 domum
1675 1559 1900 1609 meam
1947 1536 2469 1634 relinquendam
2510 1544 2710 1634 puta-

249 1691 438 1741 rem:
505 1673 588 1736 tu
657 1661 785 1735 tibi
847 1661 1092 1736 urbem
1154 1686 1294 1735 non
1362 1661 1763 1735 arbitraris?
1810 1670 1918 1750 et,
1966 1664 2024 1736 si
2075 1688 2186 1737 me
2234 1663 2406 1736 meis
2446 1663 2713 1738 civibus

248 1793 507 1868 iniuria
595 1798 994 1889 suspectum
1074 1798 1217 1865 tam
1304 1790 1600 1889 graviter
1667 1797 1877 1889 atque
1959 1791 2300 1866 offensum
2371 1791 2672 1866 viderem
2693 1851 2712 1880 ‚

255 1947 485 1998 carere
541 1946 655 1994 me
708 1922 1042 2020 adspectu
1092 1919 1382 2007 civium,
1434 1943 1647 2018 quam
1693 1917 1962 1993 infestis
2001 1919 2214 1994 oculis
2254 1919 2567 1994 omnium
2614 1921 2710 2012 4¹)

256 2049 563 2148 conspici
638 2048 913 2123 mallem
931 2082 949 2136 ;
1029 2056 1149 2136 tu,
1230 2073 1452 2147 quum
1534 2046 1948 2122 conscientia
2028 2048 2361 2123 scelerum
2437 2057 2716 2123 tuorum

345 2178 412 2248 ⁴⁰)
447 2181 546 2231 hoc
579 2180 723 2230 omis.
861 2175 926 2247 41)
962 2180 1192 2230 omnium
1227 2161 1396 2230 oculis.

254 2356 532 2417 iudicium
589 2350 1030 2420 taciturnitatis,
1086 2350 1239 2410 nihil
1295 2360 1492 2430 potest
1534 2348 1890 2430 significare.
1975 2347 2329 2431 Excogitata
2382 2351 2533 2413 haec
2587 2362 2728 2412 511111

257 2473 290 2512 6
326 2452 574 2511 rhetore
611 2457 680 2508 ut
716 2447 936 2508 bellam
971 2448 1181 2507 ederet
1218 2446 1680 2527 oppositionem;
1717 2464 1857 2505 nam
1892 2445 2024 2506 vult
2059 2446 2202 2506 iste:
2234 2438 2431 2515 Quid?
2467 2449 2729 2508 etiamne

257 2556 568 2629 exspectas
630 2553 701 2605 ut
762 2543 963 2604 verbis
1026 2543 1090 2602 in
1147 2551 1207 2601 te
1271 2542 1666 2610 invehantur,
1731 2541 1836 2621 qui
1898 2541 2016 2601 iam
2081 2559 2183 2610 eo,
2239 2542 2402 2621 quod
2459 2551 2729 2612 taceant,

258 2643 409 2725 quid
463 2644 538 2703 de
589 2651 651 2702 te
709 2641 1006 2721 cogitent,
1064 2639 1444 2719 significent?
1527 2636 1859 2698 Dicendum
1914 2637 2103 2716 igitur
2155 2636 2397 2698 suisset:
2440 2638 2731 2698 verborum

260 2739 659 2809 contumelias,
701 2747 770 2798 ut
813 2747 906 2798 est
950 2737 1106 2818 apud
1144 2736 1260 2797 Cic.
1305 2735 1454 2797 Phil.
1499 2733 1593 2796 XI.
1635 2736 1693 2796 2.
1736 2734 1785 2816 5
1827 2735 1880 2795 5.
1932 2755 2113 2796 »cum
2154 2734 2477 2796 verborum
2519 2744 2727 2797 contu-

259 2840 454 2900 meliis
519 2836 810 2915 optimum
873 2834 1070 2895 virum
1133 2833 1362 2892 incesto
1427 2851 1529 2891 016
1593 2831 1967 2893 1606165561.”
2049 2830 2278 2892 Eodem
2340 2832 2471 2893 loco
2524 2833 2729 2893 doceri

261 2943 458 3015 potest
502 2952 612 2993 cur
651 2931 928 2991 iudicium
970 2929 1382 2989 taciturnitatis
1422 2928 1481 2987 h.
1511 2929 1548 2987 l.
1595 2939 1755 2989 stare
1791 2948 1914 2989 non
1950 2930 2163 3007 possit:
2200 2938 2270 2988 ut
2304 2932 2467 2989 enim
2508 2931 2733 2990 dicitur

261 3035 322 3093 in
388 3051 462 3092 eo
523 3030 686 3097 1000;
742 3028 958 3089 habuit
999 3026 1416 3107 quaestionem
1458 3026 1749 3104 pecuniae
1806 3025 2111 3104 publicae,
2168 3026 2205 3084 i.
2250 3044 2301 3085 e.
2358 3026 2433 3086 de
2478 3026 2731 3105 pecunia

263 3132 531 3211 publica,
561 3128 701 3187 ·sic:
758 3143 972 3185 vocare
1031 3125 1292 3203 aliquem
1346 3124 1411 3183 in
1466 3122 1758 3182 iudicium
1808 3123 2019 3203 capitis
2063 3132 2183 3182 est:
2226 3123 2302 3182 de
2345 3122 2571 3201 capite,
2614 3119 2729 3181 Cic.

265 3226 428 3288 Brut.
473 3225 568 3284 36.
613 3222 661 3303 5
703 3221 852 3289 136,
895 3229 957 3280 61
998 3222 1326 3281 multarum
1361 3238 1566 3278 rerum
1607 3218 1830 3278 iudicia
1874 3219 2109 3279 sublata
2154 3227 2325 3288 sunt,
2368 3236 2443 3277 ex
2486 3226 2633 3276 orat.
2677 3238 2730 3295 p.

267 3322 322 3381 C.
375 3320 653 3382 Cornelio
709 3337 762 3396 p.
807 3315 985 3376 Orell.
1033 3317 1124 3376 73.
1170 3317 1366 3396 signis.
1427 3316 1690 3377 »iudicia
1735 3316 1809 3375 de
1853 3315 2061 3375 multis
2103 3314 2346 3384 rebus;''
2390 3315 2473 3374 sic
2509 3314 2731 3392 gravis-

267 3419 414 3479 simo
456 3416 680 3477 iudicio
723 3413 1154 3473 taciturnitatis
1190 3432 1506 3493 oppressus
1544 3414 1594 3472 is
1629 3422 1755 3481 est,
1810 3414 1915 3492 qui
1971 3413 2401 3473 taciturnitatis
2436 3420 2526 3471 est
2570 3411 2732 3470 dam-

267 3528 459 3576 1161115.
541 3548 622 3557 -
661 3527 928 3590 persaepe
969 3510 1256 3571 constituti
1296 3510 1546 3588 fuerunt.
1631 3508 1922 3569 Libenter
1978 3511 2417 3590 acquiescerem
2461 3508 2524 3566 in
2574 3505 2732 3565 Mad-

269 3612 409 3690 vigii
466 3608 966 3687 interpretatione
1024 3605 1109 3687 (in
1164 3603 1307 3683 Opp.
1367 3604 1544 3665 Acad.
1605 3606 1705 3664 alt.
1756 3624 1810 3683 p.
1855 3604 2017 3685 219):
2069 3604 2377 3664 »habuisse
2418 3601 2733 3662 Catilinam

269 3716 574 3766 senatores
630 3703 705 3763 ad
762 3702 1005 3763 caedem
1064 3702 1423 3760 constitutos
1469 3698 1609 3779 (non
1666 3700 2021 3759 constituisse
2069 3698 2326 3781 tantum)
2369 3697 2575 3757 Cicero
2616 3696 2732 3772 sig-

268 3801 503 3871 nificat,
560 3810 622 3859 et
679 3800 741 3858 in
785 3800 997 3859 eadem
1042 3798 1310 3857 oratione
1353 3795 1402 3875 ᾗ
1443 3796 1551 3855 24:
1594 3794 1978 3875 (constitutum
2019 3796 2153 3877 fuit)
2196 3814 2317 3856 non
2360 3794 2554 3853 solmn
2596 3810 2733 3851 con-

271 3901 550 3959 stitutum
628 3898 757 3957 6556
837 3895 1163 3956 560161111111
1226 3892 1404 3959 dicit,
1467 3891 1573 3950 sed
1631 3910 1767 3951 cum
1830 3899 1990 3951 65561
2059 3891 2246 3950 5611161
2307 3889 2734 3955 6011511111111111,

271 3994 636 4075 aliquamdiu
665 3992 1022 4061 mansisse,'’·
1040 3992 1090 4052 si
1121 4007 1332 4070 capere
1355 4006 1588 4067 possem
1606 4033 1620 4055 ,
1643 3988 1747 4065 qui
1769 3985 1881 4046 hoc
1911 3987 2091 4047 modo
2120 3986 2208 4045 illi
2240 3985 2583 4046 consulares
2606 4002 2734 4061 per-

272 4106 432 4169 saepe
473 4090 787 4150 constituti
831 4088 1096 4166 fuerunt,
1140 4087 1214 4146 ad
1251 4085 1494 4145 caedem
1524 4083 1809 4152 fuissent;
1847 4084 2087 4164 quodsi,
2118 4083 2417 4162 quomodo
2453 4080 2567 4140 1100
2603 4080 2735 4138 fieri

272 4188 481 4262 possit,
502 4185 650 4245 mihi
676 4186 1034 4265 explicetur,
1069 4183 1304 4244 fatebor
1325 4182 1608 4244 Latinum
1631 4202 1790 4242 esse:
1830 4199 2077 4241 »omnes
2105 4181 2448 4240 consulares
2474 4177 2583 4236 tibi
2606 4195 2736 4256 per-

273 4299 443 4361 saepe
469 4282 544 4342 ad
569 4282 811 4341 caedem
833 4280 1146 4340 constituti
1169 4280 1468 4341 suerunt.”
1551 4314 1631 4325 -—-
1654 4278 1799 4339 servi
1819 4276 2134 4337 mehercule
2153 4274 2264 4333 mei
2284 4282 2422 4333 cett.
2490 4270 2738 4351 Saepius

272 4375 386 4437 iam
407 4377 668 4438 vidimus
691 4376 996 4436 rhetorem
1019 4376 1082 4435 in
1111 4375 1654 4455 comparationibus
1677 4373 2066 4439 titubantem3
2102 4370 2202 4427 hic
2226 4368 2301 4427 ob
2324 4369 2610 4429 vocabula
2632 4367 2739 4425 isto

267 4480 457 4547 pacto,
491 4472 733 4533 absurdi
763 4473 912 4552 quid
941 4472 1105 4531 116561
1136 4482 1299 4531 16016
1323 4482 1527 4532 11101161
1550 4470 1842 4531 Morstadt
1863 4488 1915 4547 p.
1939 4468 2048 4535 23;
2079 4466 2227 4545 quid
2251 4465 2413 4525 enim
2436 4464 2595 4524 cives
2616 4471 2738 4521 me-

271 4568 562 4629 tuebant?
590 4587 668 4628 ne
693 4568 945 4629 Catilina
969 4569 1206 4635 domus,
1229 4577 1388 4627 tecta
1411 4586 1518 4627 sua
1539 4574 1830 4633 vastaret,
1853 4564 2009 4623 bona
2031 4561 2347 4638 diriperet;
2371 4558 2503 4626 sed,
2527 4576 2601 4616 ne
2622 4555 2740 4616 hoe

273 4661 376 4724 fiat
407 4666 564 4727 servi
595 4674 868 4727 metuere
899 4684 1022 4725 non
1053 4673 1327 4744 possunt;
1357 4664 1549 4725 voluit
1580 4664 1767 4743 igitur
1789 4680 1896 4740 per
1917 4676 2075 4721 voce.
2098 4655 2205 4715 isto
2220 4660 2413 4733 pacto,
2443 4651 2604 4732 quod
2626 4650 2738 4712 Ro-

273 4762 430 4823 mani
471 4761 692 4822 solent:
725 4768 1026 4841 tantopere.
1091 4795 1171 4805 -
1192 4776 1379 4819 omnes
1409 4758 1552 4819 cives
1581 4758 1680 4819 tui.
1740 4756 2166 4834 Praeterquam
2194 4750 2357 4832 quod
2385 4750 2498 4811 hoc
2528 4766 2740 4811 verum
