3375 5500
999 1233 1942 1361 INTRODUOTIQ

1266 1577 1636 1588 —o--u—n——n—-n——Q

329 1846 402 1910 Si
444 1843 620 1928 quod
657 1845 788 1917 est,
825 1839 917 1906 ait
963 1841 1288 1905 Gesnerus
1328 1843 1408 1923 ¹),
1441 1839 1514 1902 in
1552 1835 1786 1904 litteris
1816 1839 2101 1924 antiquis
2132 1838 2392 1906 difficile
2429 1862 2665 1908 munus
2681 1889 2703 1920 ,

236 1966 307 2029 in
366 1987 444 2032 eo
483 1985 640 2029 sane
692 1983 926 2046 genere
980 1960 1146 2024 illud
1202 1981 1338 2025 esse
1386 1959 1727 2026 fatendum
1774 1967 1903 2038 est,
1961 1982 2091 2046 quo
2142 1959 2223 2027 de
2268 1959 2581 2026 librorum
2633 1963 2703 2026 in

233 2082 740 2150 controversiam
783 2087 1157 2146 vocatorum
1207 2079 1584 2146 conditione
1631 2101 1707 2145 ac
1756 2085 1933 2146 statu
1981 2081 2411 2166 cognoscitur.

322 2203 678 2268 Mirabitur
731 2201 968 2285 igitur,
1037 2200 1120 2265 ad
1173 2222 1367 2286 quem
1429 2201 1536 2265 hic
1586 2201 1846 2267 libellus
1902 2207 2001 2267 est
2052 2206 2395 2283 venturus,
2442 2226 2547 2270 me
2594 2205 2708 2270 ad-

234 2322 506 2388 modum
563 2320 1041 2386 adolescentem
1086 2320 1413 2404 specimen
1459 2319 1827 2386 studiorum
1874 2320 2201 2386 editurum
2217 2370 2239 2400 ,
2295 2323 2366 2386 in
2414 2325 2707 2390 animum

235 2441 569 2508 induxisse
633 2445 711 2506 ut
777 2461 920 2506 eam
971 2439 1331 2506 orationem
1387 2439 1717 2504 Ciceronis
1763 2441 1835 2504 in
1882 2441 2267 2520 Catilinam,
2323 2464 2490 2527 quae
2536 2444 2709 2530 apud

243 2582 474 2626 omnes
543 2561 676 2626 fere
740 2561 814 2624 in
871 2558 1299 2626 admiratione
1357 2565 1489 2637 est,
1540 2581 1795 2626 summo
1845 2565 2099 2628 oratore
2146 2561 2481 2646 indignam
2534 2585 2673 2630 esse
2686 2613 2709 2644 ,

238 2679 769 2746 demonstrarem.
867 2679 1027 2745 Non
1101 2679 1408 2757 deerunt,
1483 2680 1597 2765 qui
1661 2679 2014 2746 iuvenilem
2083 2680 2412 2747 levitatem
2432 2731 2454 2761 ,
2531 2684 2708 2768 quod

239 2800 383 2865 aliis
441 2800 858 2885 magnificum
929 2799 1185 2867 videtur
1250 2805 1775 2868 contemnentem
1793 2849 1814 2879 ,
1866 2801 2291 2887 vituperaturi
2346 2804 2512 2883 sint,
2560 2806 2704 2890 qui-

243 2921 362 2988 bus
433 2924 490 2988 si
559 2949 594 2983 n
613 2921 852 2988 erranti
911 2920 1183 2987 comiter
1242 2927 1608 2987 monstrant
1665 2922 1881 2987 viam''
1925 2944 2300 3007 persuasum
2350 2926 2436 2989 sit
2479 2925 2707 2990 luben-

242 3042 489 3110 tissime
539 3062 645 3108 me
693 3041 930 3127 gratias
984 3048 1281 3108 acturum
1330 3040 1859 3127 palinodiamque
1906 3049 2246 3108 canturam
2295 3065 2450 3110 esse.

328 3164 761 3249 Arrogantiae
812 3163 1058 3228 crimen
1105 3185 1240 3227 non
1293 3162 1542 3247 fugiam
1581 3162 1755 3248 apud
1800 3184 1909 3228 eos
1928 3211 1948 3242 ,
1999 3164 2113 3247 qui
2161 3165 2286 3230 hoc
2334 3171 2507 3232 certe
2554 3187 2709 3231 con-

246 3305 520 3369 coquere
580 3305 714 3349 non
779 3290 1089 3369 poterunt
1135 3304 1241 3348 me
1290 3283 1406 3347 illa
1459 3289 1876 3349 contemnere
1920 3289 1989 3351 et
2036 3306 2113 3349 ea
2160 3284 2321 3349 mihi
2367 3286 2708 3372 subinepta

243 3404 482 3482 videri,
547 3424 713 3487 quae
776 3426 815 3468 a
863 3402 1130 3469 summis
1192 3404 1263 3467 in
1313 3403 1547 3469 litteris
1602 3403 1756 3468 viris
1807 3404 1985 3469 omni
2035 3403 2303 3470 laudum
2351 3427 2584 3491 genere
2639 3407 2721 3470 inr

243 3525 498 3589 coelum
541 3524 898 3603 tolluntur,
949 3525 1185 3611 quippe
1230 3524 1462 3608 quibus
1514 3524 1767 3589 Tullius
1811 3545 1959 3589 aere
2000 3524 2347 3609 perennius
2391 3525 2516 3590 sibi
2570 3547 2711 3591 mo-

246 3652 632 3711 numentum
691 3645 994 3729 exegerit.
1085 3644 1342 3710 Quibus
1390 3644 1549 3710 haec
1594 3643 1804 3709 habeo
1853 3664 2020 3727 quae
2068 3644 2526 3728 respondeam:
2571 3668 2707 3711 non

249 3784 397 3827 eum
455 3785 560 3829 me
613 3786 752 3830 esse
801 3766 912 3848 qui
959 3764 1104 3849 plus
1142 3785 1246 3828 me
1282 3762 1496 3829 videre
1538 3763 1863 3847 postulem
1914 3784 2108 3845 quam
2156 3763 2423 3827 summis
2463 3763 2535 3826 in
2581 3764 2706 3829 hoc

248 3882 611 3948 studiorum
675 3905 910 3968 genere
969 3882 1119 3948 viris
1185 3881 1550 3967 contigerit.
1639 3881 1905 3947 Etenim
1962 3882 2017 3946 si
2066 3903 2289 3947 verum
2335 3891 2433 3949 est
2450 3932 2471 3963 ,
2536 3883 2710 3967 quod

255 4000 579 4067 Gesnerus
632 4002 678 4066 1.
713 4004 756 4068 1.
821 4004 1016 4082 dicit,
1065 4008 1251 4070 tanto
1307 4003 1665 4069 faciliorem
1724 4023 1862 4067 esse
1911 4002 2079 4067 hanc
2124 4001 2469 4070 abiiciendi
2520 4010 2587 4070 et
2630 4004 2710 4070 de

249 4126 464 4187 vetere
537 4122 690 4189 sede
763 4123 1104 4205 deiiciendi
1159 4124 1479 4190 rationem
1497 4172 1518 4201 ,
1579 4144 1778 4209 quam
1830 4130 2209 4208 argumenta
2262 4124 2345 4189 ab
2399 4146 2474 4191 ea
2526 4128 2708 4208 parte

251 4242 503 4324 prolata
553 4242 869 4328 depellere
909 4252 1106 4329 atque
1145 4245 1426 4323 elevare,
1472 4252 1716 4329 quanto
1752 4242 2005 4309 facilius
2050 4243 2135 4308 sit
2159 4242 2449 4325 infligere
2474 4240 2707 4305 vulnus

253 4382 448 4443 quam
477 4386 734 4442 sanare,
771 4364 1044 4450 gloriam
1069 4365 1304 4432 habere
1331 4387 1465 4431 non
1491 4370 1708 4450 potest
1736 4363 2075 4430 dubitandi
2095 4360 2259 4425 illud
2289 4366 2355 4425 et
2382 4357 2709 4425 evertendi

252 4482 542 4549 studium
559 4532 580 4563 ,
607 4506 773 4569 quae
811 4486 1064 4571 integra
1107 4492 1330 4553 manet
1351 4486 1464 4565 iis,
1502 4485 1614 4571 qui
1645 4484 2039 4570 superiorem
2066 4465 2319 4565 lapsum
2350 4502 2487 4547 esse
2514 4483 2709 4563 atque

317 4745 357 4815 ¹)
391 4750 471 4803 In·
508 4753 660 4817 praef.
697 4754 762 4807 aa
795 4755 891 4807 1v.
929 4752 1089 4807 oratt.
1125 4768 1173 4820 p.
1210 4754 1336 4807 Rea.
1371 4770 1421 4819 p.
1457 4748 1714 4806 LXXXI.
1752 4751 1831 4806 ed.
1866 4748 2051 4806 wolf..

2309 4852 2347 4914 1
