3375 5500
2602 417 2785 462 XXVI!

314 601 791 687 suspicarentur
848 598 1146 666 homines
1223 599 1284 666 ei
1352 601 1763 670 consulatum
1822 623 2045 671 meum
2114 601 2367 689 placere
2384 648 2406 681 ,
2468 602 2778 682 surrexit,

315 722 854 807 ornatissimeque
891 719 974 788 de
1007 741 1154 788 meo
1187 721 1533 789 consulatu
1573 720 1831 788 locutus
1853 769 1875 799 ,
1903 727 1981 790 ut
2018 722 2115 788 ita
2150 721 2430 800 diceret,
2464 743 2569 802 se,
2606 722 2798 807 quod'

315 846 482 908 esset
517 849 810 919 senator,
853 840 1032 926 quod
1066 840 1224 907 civis
1243 887 1264 918 ,
1308 839 1485 924 quod
1526 840 1723 918 liber,
1758 840 1937 926 quod
1974 839 2219 910 viveret
2249 841 2413 906 mihi
2447 848 2782 927 acceptum

309 960 582 1029 referre:
631 961 886 1046 quoties
924 960 1270 1044 coniugem
1287 1007 1309 1037 ,
1353 961 1608 1044 quoties
1648 961 1953 1038 domum,
2000 960 2255 1044 quoties
2292 961 2571 1046 patriam
2607 961 2784 1028 vide-

310 1089 448 1161 ret,
507 1082 702 1148 toties
768 1102 838 1150 se
895 1079 1283 1148 beneficium
1343 1101 1566 1146 meum
1629 1077 1867 1148 videre.
1962 1078 2144 1146 Quid
2196 1080 2451 1148 multa?
2544 1081 2786 1148 Totum

310 1202 486 1268 hunc
535 1202 754 1268 locum
771 1248 794 1279 ,
837 1221 1034 1284 quem
1077 1219 1197 1282 ego
1237 1197 1414 1264 varie
1459 1198 1622 1264 meis
1673 1198 2079 1266 orationibus
2095 1245 2118 1276 ,
2165 1221 2441 1284 quarum
2475 1206 2555 1267 tu
2602 1199 2785 1268 Aris-

310 1321 572 1386 tarchus
635 1341 739 1397 es,
797 1317 978 1384 soleo
1035 1318 1334 1404 pingere,
1393 1317 1477 1384 de
1521 1318 1821 1396 flamma,
1882 1318 1965 1384 de
2022 1317 2193 1388 ferro
2258 1353 2350 1368 --
2405 1319 2581 1388 nosti
2636 1319 2783 1388 illas

307 1439 607 1516 ληκύθους
637 1477 730 1490 --··
754 1438 942 1506 valde
983 1437 1263 1521 graviter
1308 1436 1679 1522 pertexuit’'
1730 1438 1878 1523 131).
1930 1475 2021 1490 ---
2056 1439 2281 1517 Haec,
2326 1443 2404 1508 ut
2439 1438 2605 1506 mihi
2642 1439 2785 1522 qui-

311 1557 462 1624 dem
505 1556 760 1624 videtur
773 1605 794 1634 ,
843 1555 1000 1624 satis
1035 1554 1330 1622 indicant
1365 1555 1662 1622 Atticum
1700 1556 2037 1626 Ciceronis
2073 1557 2401 1624 orationes
2430 1557 2784 1626 nonnullas

307 1676 382 1740 in
449 1676 796 1743 consulatu
849 1681 918 1742 et
969 1680 1118 1761 post
1171 1674 1586 1742 consulatum
1639 1675 1927 1754 habitas,
1982 1699 2042 1744 v,
2092 1699 2150 1742 c.
2198 1699 2319 1764 pro
2388 1676 2603 1762 Sylla,
2653 1676 2786 1742 iam

304 1801 686 1864 retractasse
727 1799 796 1862 et
838 1794 1222 1872 correxisse,
1263 1815 1478 1878 neque
1525 1814 1739 1862 errare
1770 1817 1877 1862 me
1916 1795 2197 1864 arbitror
2224 1796 2282 1862 si
2316 1795 2513 1862 verba
2560 1820 2597 1854 n
2617 1816 2677 1860 a.
2721 1794 2784 1860 d.

310 1915 429 1978 III
483 1915 664 1982 Non.
719 1915 880 1982 Dec.
941 1914 1252 1982 mendose
1319 1913 1522 1982 fuisse
1585 1914 2213 1984 animadverteram”
2266 1917 2391 1998 ¹³2)
2442 1914 2653 1982 refero
2700 1913 2785 1980 ad

309 2033 528 2100 locum
572 2033 923 2118 quemdam
977 2034 1048 2102 in
1101 2034 1232 2100 illis
1289 2033 1694 2102 orationibus
1748 2033 1834 2101 ab
1888 2033 2115 2102 Attico
2170 2037 2553 2101 correctum.

401 2153 475 2218 Si
522 2151 724 2238 igitur
760 2152 874 2224 ille
917 2154 1099 2222 locus
1147 2153 1468 2221 insiticius
1517 2159 1616 2221 est
1633 2200 1655 2231 ,
1700 2153 1879 2238 quod
1934 2153 2099 2220 mihi
2132 2159 2319 2222 extra
2358 2173 2619 2220 omnem
2666 2151 2785 2218 du-

311 2273 698 2342 bitationem
760 2271 1054 2352 videtur',
1113 2274 1340 2360 quaeri
1411 2280 1627 2359 potest
1643 2321 1665 2351 ,
1729 2273 1842 2356 qui
1912 2272 2055 2340 fieri
2119 2271 2407 2356 potuerit
2472 2278 2550 2338 ut
2625 2271 2785 2338 haec

311 2393 535 2464 omnia
600 2395 670 2459 in
732 2400 988 2463 textum
1049 2393 1425 2482 irrepserint
1439 2442 1460 2472 ‚
1533 2399 1600 2460 et
1663 2415 1795 2477 quo
1856 2397 2125 2459 auctore
2195 2391 2321 2458 hoc
2372 2390 2621 2456 factum
2676 2389 2781 2454 sit.

310 2513 560 2580 Orellio
615 2512 775 2596 quid
823 2513 1034 2580 visum
1087 2512 1288 2580 fuerit
1344 2513 1660 2590 diximus,
1703 2512 1818 2597 qui
1873 2533 1949 2578 ea
2002 2511 2085 2576 de
2132 2532 2329 2578 causa
2374 2509 2787 2577 stomachum

317 2631 523 2697 movit
564 2631 901 2717 Madvigio
935 2636 1058 2718 133)
1081 2681 1102 2712 ,
1149 2625 1630 2700 verbis‘Orellii
1683 2659 1720 2694 a
1742 2651 2152 2716 summopere
2196 2653 2237 2696 a
2274 2651 2345 2696 se
2389 2630 2786 2698 honoratum

316 2753 399 2817 iri
451 2754 775 2839 optimum
809 2760 1158 2839 patronum
1193 2753 1497 2839 opinatus
1532 2759 1632 2821 est
1648 2800 1669 2831 ,
1716 2752 1774 2817 si
1816 2773 1919 2819 res
1956 2749 2097 2818 eius
2128 2754 2312 2834 gesta
2348 2754 2487 2815 tam
2512 2746 2787 2815 illustris

313 2896 448 2939 non
475 2896 610 2941 una
657 2874 998 2941 dumtaxat
1029 2872 1150 2943 sed
1193 2878 1478 2957 quatuor
1515 2870 1921 2939 orationibus
1960 2867 2438 2939 celebraretuff'
2466 2870 2591 2953 ¹⁸⁴)
2636 2867 2790 2935 sub-

313 2992 648 3076 iungenti:
698 3018 734 3053 n
754 3014 794 3059 o
847 2993 1082 3059 miram
1135 2990 1422 3076 fingendi
1475 2990 1811 3057 licentiam
1826 3037 1847 3068 ,
1894 2994 1961 3055 et
2014 2988 2087 3053 in
2142 2984 2507 3054 dubitando
2560 2984 2787 3052 credu-

313 3112 599 3178 litatem!
688 3112 863 3196 Ergo
923 3111 1078 3177 Tiro
1142 3132 1279 3177 non
1341 3109 1666 3175 narrando
1734 3107 1859 3175 sibi
1918 3106 2103 3173 illam
2150 3127 2289 3171 rem
2336 3104 2790 3173 celebrandam

312 3230 596 3315 putavit,
639 3230 756 3296 sed
794 3230 910 3315 qui
954 3250 1316 3314 numquam
1357 3228 1626 3294 verbum
1661 3228 1732 3291 in
1780 3230 2109 3293 conventu
2149 3224 2495 3291 hominum
2530 3225 2790 3291 fecisset

313 3372 432 3415 nec
478 3350 958 3415 oratiunculam
1003 3348 1394 3435 scripsisset,
1439 3348 1701 3435 patroni
1738 3346 1875 3425 sui,
1920 3343 2159 3411 summi
2203 3344 2483 3409 oratoris
2528 3341 2789 3407 laudem

315 3468 448 3535 suis
505 3468 909 3536 orationibus
967 3467 1106 3537 eius
1161 3465 1416 3534 nomini
1453 3466 1875 3534 subiiciendis
1918 3462 2283 3551 augendam
2332 3459 2789 3531 existimavit?

316 3586 473 3652 Iure
530 3606 676 3651 eam
731 3586 966 3654 Orellii
1035 3586 1428 3653 seutentiam
1483 3585 1903 3672 reprehendit
1956 3583 2265 3666 Madvig3
2308 3601 2466 3647 nam
2522 3582 2629 3646 vix
2672 3585 2790 3645 aut

317 3726 398 3771 ne
446 3704 557 3772 vix
606 3675 871 3791 quidem
917 3704 1205 3791 cogitare
1253 3706 1396 3791 quis
1441 3710 1660 3789 potest
1709 3704 2021 3769 Tironem
2069 3701 2195 3766 hoc
2232 3699 2359 3765 sibi
2400 3698 2788 3783 sumpsisse,

320 3831 396 3891 ut
439 3832 792 3918 patronum
841 3850 976 3893 uon
1021 3826 1236 3893 solum
1269 3824 1677 3903 imitaretur,
1722 3824 1839 3890 sed
1885 3828 1961 3887 ut
1986 3842 2140 3886 cum
2168 3818 2430 3905 patroni
2454 3815 2787 3893 oratione,

319 3964 360 4007 a
407 3944 720 4011 Sallustio
770 3947 1076 4010 luculenta
1129 3944 1305 4011 dicta
1320 3970 1372 4024 ,·
1401 3945 1729 4013 orationes
1780 3962 1928 4010 suas
1986 3940 2207 4008 ederet
2259 3936 2518 4025 patroni
2565 3936 2788 4003 amicis

325 4067 391 4129 et
437 4063 752 4131 studiosis
815 4066 930 4150 qui
999 4065 1364 4151 imponeret
1381 4113 1402 4144 ,
1461 4064 1661 4151 idque
1726 4064 1905 4150 quod
1946 4081 2355 4147 summopere
2398 4060 2792 4130 honoratum

322 4178 401 4245 iri
439 4182 760 4267 optimum
804 4191 1152 4270 patronum
1191 4185 1583 4271 opinaretur.
1659 4185 1745 4247 In
1788 4184 1913 4249 hoc
1957 4182 2157 4268 igitur
2192 4200 2405 4245 errore
2441 4170 2789 4241 indicando

382 4426 466 4491 ¹⁵¹)
500 4429 606 4485 Cic.
638 4432 708 4483 ad
739 4428 854 4483 Att.
889 4430 935 4481 1.
977 4434 1057 4480 14.
1093 4430 1120 4495 §
1154 4438 1206 4481 3.

383 4510 468 4581 152)
500 4514 604 4568 Cic.
640 4516 706 4567 ad
739 4514 852 4565 Att.
888 4513 935 4564 Ι.
979 4519 1056 4566 13.
1091 4514 1118 4579 ς)
1151 4519 1202 4564 5.

389 4594 472 4663 ¹⁵3)
507 4600 574 4651 In
609 4598 764 4664 praef.
800 4599 879 4651 ed.
916 4600 1038 4650 11³⁶.
1076 4597 1237 4650 Oratt.
1273 4599 1462 4649 selectt.
1498 4598 1627 4649 XII.
1665 4610 1777 4661 pag.
1817 4591 2064 4647 XXXVI
2100 4604 2203 4655 seq.

387 4678 468 4750 1⁵²)
505 4683 666 4737 Orelli
702 4685 780 4737 ed.
817 4682 940 4737 XV.
979 4682 1138 4737 Orat-t.
1177 4682 1362 4735 selectt.
1400 4664 1512 4746 pfl
1526 4685 1605 4731 79.
