3375 5500
2614 419 2771 464 XXXI

294 599 682 666 confluxisse
727 621 862 666 non
906 601 1004 664 est
1049 598 1226 685 quod
1269 599 1620 679 miremur3
1670 599 1921 666 nobiles
1963 600 2135 667 enim
2154 648 2175 678 ,
2212 606 2469 686 praeter
2501 605 2763 672 Cicero-

289 741 446 786 nem
500 733 522 771 1
537 725 624 807 51)
647 770 668 799 ,
740 741 875 785 non
943 720 1219 804 amplius
1291 719 1720 786 observath
1787 741 2035 786 morem
2098 721 2288 787 illum
2324 723 2647 790 maiorum
2692 735 2766 792 ut

289 840 560 907 iuvenes
607 839 692 905 ad
739 861 810 905 se
856 838 1087 904 deduci
1135 843 1546 924 paterentur3
1591 839 1850 905 luxuria
1886 847 1955 905 et
1996 839 2275 906 mollitie
2312 841 2647 910 affluentes
2692 865 2769 910 ea

285 982 428 1026 non
475 959 820 1026 curabant:
878 981 1010 1044 quo
1055 958 1302 1024 factum
1348 965 1448 1024 est
1495 965 1572 1024 ut
1615 959 2027 1025 mercenariis
2070 959 2203 1025 illis
2246 965 2767 1048 praeceptoribus

284 1079 690 1165 pedetentim
739 1085 884 1146 tota
925 1077 1284 1143 iuventutis
1333 1076 1783 1144 nobilissimae
1841 1079 2171 1145 institutio
2226 1081 2763 1148 committeretur.

285 1199 498 1264 Cuius
525 1200 778 1284 generis
805 1197 904 1261 illi
932 1196 1229 1262 homines
1258 1195 1454 1280 vulgo
1483 1196 1761 1274 fuerint,
1790 1203 2055 1283 apparet
2084 1218 2163 1263 ex
2189 1197 2295 1275 iis,
2323 1220 2491 1282 quae
2518 1202 2765 1266 Seneca

283 1319 537 1384 scribit:
573 1324 767 1383 nante
795 1316 984 1380 illum
1018 1318 1276 1400 (nempe
1305 1314 1661 1379 Blandium
1687 1315 2037 1394 rhetorem,
2057 1316 2343 1400 equitem
2362 1319 2761 1404 Romanum)

279 1439 468 1504 intra
511 1436 847 1504 libertinos
897 1441 1340 1521 praeceptores
1397 1434 1868 1521 pulcherrimae
1920 1435 2299 1521 disciplinae
2341 1438 2766 1505 contineban-

278 1562 403 1620 tur
417 1581 440 1634 3
481 1561 548 1621 et
587 1554 857 1620 minime
900 1551 1220 1638 probabili
1257 1573 1440 1618 more
1479 1559 1670 1638 turpe
1714 1560 1853 1619 erat
1892 1553 2160 1632 docere,
2203 1554 2379 1638 quod
2419 1555 2767 1624 honestum

283 1681 434 1742 erat
478 1674 766 1740 discere''
801 1672 952 1761 152).
1259 1718 1302 1745 ι.

379 1794 564 1861 Quid
605 1795 684 1858 L.
715 1795 949 1858 Crasso
991 1792 1072 1858 de
1099 1791 1230 1856 illis
1253 1789 1510 1856 Latinis
1541 1789 1937 1856 Rhetoribus
1964 1791 2174 1856 visum
2201 1791 2403 1858 fuerit
2415 1839 2437 1870 ,
2464 1792 2765 1858 novimus

287 1937 370 1980 ex
426 1913 772 1980 notissimo
815 1911 1030 1979 edicto
1083 1923 1103 1962 1
1119 1914 1234 1996 ⁵³).
1304 1911 1400 1975 At
1443 1910 1570 1975 hoc
1617 1909 1903 1975 edictum
1948 1931 2087 1976 non
2133 1931 2249 1996 per
2293 1909 2565 1995 longum
2602 1919 2769 1978 tem-

285 2035 465 2120 poris
530 2033 818 2120 spatium
884 2031 1294 2098 observatum
1354 2030 1556 2095 fuisse
1615 2028 1891 2095 videtur.
1982 2029 2165 2095 Nam
2222 2051 2425 2115 quum
2471 2030 2767 2096 rhetores

283 2153 512 2238 paullo
576 2158 731 2219 ante
789 2152 1126 2218 Ciceronis
1188 2156 1484 2237 tempora
1547 2149 1917 2217 exstiterint
1960 2152 2083 2232 ¹⁵⁴)
2102 2198 2124 2228 ,
2166 2156 2395 2235 postea
2441 2173 2481 2216 a
2532 2151 2767 2216 Crasso

287 2271 525 2339 docere
579 2271 933 2358 prohibiti,
998 2293 1136 2336 non
1208 2270 1323 2336 diu
1393 2275 1542 2354 post
1581 2270 1678 2335 ita
1727 2269 1930 2334 crevit
1980 2268 2389 2334 declamandi
2432 2269 2723 2334 studium
2742 2316 2764 2345 ,

285 2397 367 2458 ut
422 2393 654 2458 Cicero
707 2389 834 2480 ¹⁵⁵)
852 2438 874 2469 ,
927 2411 1130 2484 quum
1178 2396 1484 2476 praetura
1529 2389 1941 2472 fungeretur,
1983 2387 2429 2473 frequentaret
2475 2387 2767 2454 scholam

289 2513 394 2575 M.
442 2511 717 2578 Antonii
770 2511 1138 2596 Gniphonis
1174 2514 1324 2597 ¹⁵⁰).
1391 2511 1472 2574 L.
1521 2509 1802 2574 Plancus
1838 2513 2093 2587 orator,
2119 2509 2455 2575 Ciceronis
2486 2507 2765 2586 amicus,

290 2631 368 2694 in
403 2629 902 2696 contubernium
933 2635 1265 2715 receperat
1312 2629 1392 2692 L.
1441 2628 1789 2694 Albutium
1836 2628 2051 2693 Silum
2098 2627 2168 2692 N
2170 2629 2567 2694 ovariensem
2584 2677 2609 2706 ,
2652 2629 2766 2712 qui

292 2749 550 2819 Romae
603 2749 801 2818 etiam
859 2749 1112 2815 scholas
1166 2749 1439 2837 aperuit.
1534 2747 1801 2815 Solebat
1844 2754 2067 2814 autem
2120 2747 2399 2813 Plancus
2446 2747 2767 2813 declama-

291 2876 479 2936 turus
521 2869 700 2955 prius
749 2870 1073 2955 aliquem,
1111 2870 1226 2955 qui
1267 2876 1422 2935 ante
1459 2868 1737 2946 diceret,
1780 2868 2065 2933 excitare
2075 2893 2095 2947 3
2139 2890 2297 2952 quas
2343 2875 2557 2953 partes
2588 2867 2765 2934 Silus

291 2994 624 3077 susceptas
655 2991 752 3055 ita
785 2990 1116 3075 implevit,
1145 2996 1220 3055 ut
1251 2990 1498 3055 Planco
1534 2986 1872 3053 silentium
1918 2988 2285 3071 imponeret
2320 3008 2453 3050 non
2490 2986 2760 3052 audenti

291 3130 361 3175 se
405 3109 480 3173 in
522 3108 1070 3195 comparationem
1119 3108 1460 3175 demittere
1506 3108 1658 3196 ¹⁸⁷).
1748 3107 2120 3173 Multorum
2165 3106 2467 3193 deinceps
2504 3107 2767 3176 scholae

294 3228 548 3293 Romae
583 3228 1070 3313 aperiebantur:
1125 3233 1191 3294 et
1227 3228 1320 3295 sic
1363 3228 1705 3313 paullatim
1753 3230 2001 3294 factum
2054 3234 2152 3294 est
2193 3200 2309 3306 ut,
2358 3250 2525 3314 quae
2571 3235 2765 3295 antea

291 3348 586 3433 viguerat
633 3356 702 3415 et
750 3355 1132 3433 regnaverat
1175 3348 1248 3414 in
1291 3350 1438 3415 foro
1483 3350 1859 3434 eloquentia
1875 3397 1895 3426 ,
1940 3348 2211 3414 mutatis
2252 3348 2543 3413 moribus
2594 3368 2765 3413 nova

293 3470 452 3555 reip.
499 3470 711 3535 forma
730 3518 752 3548 ‚
795 3470 971 3536 intra
1016 3470 1294 3555 parietes
1345 3477 1414 3538 et
1451 3469 1715 3536 umbras
1756 3470 2129 3536 scholarum
2170 3490 2241 3535 se
2267 3466 2669 3533 continuerit
2698 3472 2765 3533 et

297 3588 716 3656 obmutuerit.
787 3590 1196 3675 Argumenta
1241 3611 1463 3655 earum
1493 3588 2041 3655 declamationum
2068 3587 2259 3652 initio
2288 3586 2579 3653 thesibus
2608 3606 2765 3654 con-

357 3826 440 3897 151)
475 3830 564 3881 Ad
596 3830 735 3880 hunc
765 3828 936 3893 plures
969 3824 1171 3877 deducti
1204 3830 1338 3875 sunt.
1372 3839 1422 3874 v.
1453 3839 1498 3875 c.
1535 3822 1753 3874 Caelius-

357 3910 442 3977 1⁸2)
475 3914 554 3963 M.
589 3908 786 3967 Seneca
816 3919 975 3977 pater.
1011 3910 1248 3963 controv.
1277 3909 1315 3959 l.
1350 3908 1426 3959 11.
1461 3906 1618 3971 praef.
1647 3922 1698 3971 p.
1736 3909 1851 3957 146.
1906 3906 2040 3957 Vide
2068 3906 2230 3957 Hertz
2245 3942 2261 3969 ,
2292 3901 2654 3956 Schriftstouer
2669 3902 2775 3953 und

288 3995 565 4049 Publikum
600 3998 656 4049 in
688 3998 838 4049 Rom.
877 3995 1091 4062 (Berlin.
1128 3992 1278 4057 1852)
1312 4008 1364 4057 p.
1401 3996 1452 4043 8.

357 4078 442 4149 111)
473 4082 608 4135 Gell.
643 4082 766 4135 XV.
810 4085 888 4131 ll.
923 4080 1135 4131 Fischer
1166 4079 1316 4130 Rom.
1351 4077 1548 4130 Zeittaf.
1581 4078 1649 4132 ad
1681 4094 1729 4130 a.
1762 4093 1815 4128 ιι.
1848 4092 1895 4127 c.
1932 4079 2052 4127 662.

357 4166 442 4238 154)
474 4170 676 4235 Dialog.
712 4170 777 4223 de
813 4168 975 4221 Oratt.
1012 4172 1099 4219 35.
1133 4166 1160 4231 5
1200 4170 1246 4215 1.

358 4251 442 4322 ¹⁵⁵)
477 4254 774 4309 Ciceronem
790 4253 1011 4321 quotidie
1029 4252 1307 4304 declamare
1325 4249 1530 4301 solitum
1546 4246 1719 4311 fuisse,
1734 4252 1911 4299 notum
1929 4252 2004 4298 est
2020 4259 2090 4297 ex
2106 4245 2215 4295 eins
2230 4244 2394 4295 Bruto
2412 4248 2497 4293 90.
2514 4240 2539 4303 ς
2558 4244 2658 4289 309
2672 4254 2777 4305 sq.;

274 4338 443 4405 inque
479 4341 539 4391 iis
573 4341 748 4393 studiis
782 4338 1048 4402 discipulos
1075 4350 1194 4387 eum
1208 4336 1442 4387 habuisse
1459 4330 1809 4392 Dolabellam,
1836 4328 2065 4381 Hirtium
2078 4361 2093 4391 ,
2122 4327 2247 4378 alios
2282 4327 2437 4391 ipsius
2456 4323 2618 4375 Tullii
2645 4322 2778 4373 testi-

292 4426 462 4477 monio
495 4432 704 4477 constat.
775 4423 882 4476 Cic.
913 4421 1152 4473 adFam.
1186 4420 1288 4472 IX.
1326 4424 1374 4469 8.
1411 4419 1528 4483 §1,
1569 4419 1650 4467 16.
1680 4416 1791 4481 §7-
1821 4414 1883 4467 cf.
1921 4416 1968 4465 7.
1996 4413 2100 4479 92.
2130 4396 2335 4465 &tvm
2372 4414 2456 4462 33.
2484 4408 2587 4475 §2
2626 4406 2777 4459 Adde

295 4506 434 4561 Suet.
469 4512 533 4562 de
567 4510 832 4563 01.Rhet.
871 4513 920 4557 2.
958 4506 1164 4568 Quinct.
1200 4506 1358 4559 VIII.
1396 4510 1446 4555 3.
1483 4502 1510 4568 §
1547 4505 1636 4553 54.

365 4589 448 4657 155)
481 4594 622 4646 Suet.
659 4595 723 4645 de
755 4592 840 4643 111.
876 4590 1102 4643 Gramm.
1145 4592 1189 4641 7.

366 4672 449 4744 117)
482 4677 623 4734 Suet.
659 4679 724 4735 de
757 4676 835 4734 01.
872 4676 1020 4729 Rhet.
1058 4678 1106 4723 6.
