3375 5500
2668 465 2735 505 lx

275 646 510 715 matico
559 645 842 733 quodam
887 646 968 713 de
1018 645 1443 714 nobilioribus
1500 645 1583 712 ab
1632 653 1922 732 emptore
1970 646 2053 712 ad
2106 648 2487 733 spectandos
2531 649 2731 718 libros

275 768 564 836 adhibito
611 769 726 853 ³⁸).

360 888 506 952 Iam
544 891 696 952 ante
730 887 1110 953 Ciceronem
1151 887 1344 952 multi
1377 886 1992 952 circumferebantur
2020 887 2171 953 libri
2212 888 2425 957 alieno
2471 893 2736 958 nomine

275 1005 566 1093 inscripti
581 1054 602 1084 ‚
674 1005 858 1072 cuius
920 1007 1016 1072 rei
1084 1028 1220 1072 non
1284 1011 1499 1091 potest
1552 1006 1796 1091 requiri
1845 1006 2240 1074 luculentius
2285 1011 2735 1077 testimonium

278 1149 470 1211 quam
519 1126 716 1192 Gellii
761 1124 844 1191 de
891 1125 1127 1191 fabulis
1179 1148 1346 1211 quae
1399 1126 1620 1192 Plauti
1657 1147 1796 1192 esse
1842 1127 2221 1194 dicebantur
2266 1137 2332 1196 et
2386 1130 2732 1196 credeban-

277 1254 400 1313 tur.
491 1247 577 1310 In
621 1246 830 1332 capite
877 1248 968 1332 ³⁹)
1019 1247 1196 1312 enim
1246 1246 1422 1331 quod
1464 1245 1868 1312 inscribitur:
1940 1274 1976 1308 n
1998 1248 2079 1314 de
2126 1248 2468 1315 noscendis
2518 1250 2737 1336 explo-

279 1366 624 1451 randisque
656 1365 879 1432 Plauti
921 1367 1271 1433 comoediis
1322 1367 1631 1451 quoniam
1673 1367 2037 1452 promiscue
2071 1390 2259 1435 verae
2296 1373 2493 1455 atque
2534 1370 2733 1436 falsae

279 1487 542 1553 nomine
575 1486 713 1552 eius
748 1485 1097 1572 inscriptae
1127 1487 1466 1553 feruntur”
1488 1494 1674 1566 cett.,
1716 1487 1970 1574 scripsit
2006 1489 2084 1553 Is.
2114 1490 2378 1556 Aelium
2405 1493 2738 1559 hominem

282 1607 785 1673 eruditissimum
841 1607 1239 1672 existimasse
1281 1606 1466 1670 XXV
1520 1607 1690 1672 solas
1737 1629 1876 1674 esse
1919 1607 2139 1673 Plauti
2184 1633 2385 1694 quum
2434 1612 2554 1678 sub
2598 1613 2735 1679 eius

281 1728 543 1794 nomine
597 1727 853 1793 circiter
899 1733 1164 1792 centum
1215 1731 1412 1810 atque
1463 1726 1733 1810 triginta
1771 1726 2095 1793 ferrentur
2104 1753 2125 1807 ,-
2169 1730 2531 1797 Varronem
2586 1754 2737 1798 vero

282 1872 480 1914 unam
542 1856 610 1915 et
655 1847 886 1932 viginti
927 1846 1177 1912 fabulas
1193 1895 1213 1926 ,
1261 1868 1426 1932 quae
1470 1848 1915 1913 Varronianae
1955 1856 2372 1928 vocarentur,
2424 1873 2463 1914 a
2508 1853 2737 1918 ceteris

281 1967 743 2052 segregavisse,
777 1967 1085 2052 quoniam
1114 1967 1423 2033 dubiosae
1465 1989 1600 2031 non
1629 1973 1843 2032 essent
1884 1967 2071 2046 fidei,
2099 1969 2214 2034 sed
2240 1991 2560 2037 consensu
2601 1995 2740 2039 om-

278 2089 470 2153 nium
540 2088 759 2154 Plauti
817 2094 1253 2154 censerentur.
1364 2089 1600 2172 Neque
1663 2089 1788 2154 hoc
1856 2087 2095 2156 Plauto
2152 2091 2276 2156 soli
2337 2091 2614 2176 contigit
2667 2099 2743 2158 ut

282 2209 520 2292 scripta
557 2208 888 2293 supposita
932 2208 1070 2272 eius
1105 2207 1372 2273 nomine
1408 2207 1733 2273 ferrentur
1773 2213 1884 2293 ⁴⁰).
1952 2209 2304 2274 Suetonius
2349 2211 2523 2276 enim
2558 2233 2743 2278 men-

285 2329 532 2395 tionem
561 2327 720 2393 facit
754 2328 1085 2412 elegorum
1122 2334 1188 2394 et
1235 2327 1545 2414 epistolae
1587 2349 1781 2413 prosa
1820 2328 2112 2395 oratione
2126 2377 2147 2407 ,
2186 2352 2353 2415 quae
2386 2330 2508 2396 sub
2544 2330 2743 2396 titulo

287 2448 548 2513 Horatii
590 2447 714 2513 sibi
758 2448 829 2510 in
877 2469 1109 2512 manus
1147 2447 1506 2526 venissent,
1551 2446 1666 2512 sed
1712 2460 1988 2533 utraque
2035 2449 2197 2514 falsa
2238 2450 2516 2535 putabat
2526 2477 2547 2531 3
2588 2474 2745 2517 nam

294 2595 327 2626 n
347 2566 510 2652 elegi
558 2568 880 2652 vulgares,
939 2566 1212 2653 epistola
1261 2567 1459 2633 etiam
1509 2567 1821 2646 obscura,
1865 2591 1995 2652 quo
2040 2570 2199 2636 vitio
2241 2571 2510 2636 minime
2560 2576 2744 2636 tene-

287 2687 519 2754 batur'’
559 2690 675 2775 ⁴¹).
764 2688 910 2753 Iam
959 2709 1109 2754 vero
1153 2688 1208 2753 si
1256 2709 1333 2755 ex
1375 2687 1595 2753 Plauti
1644 2687 1879 2755 fabulis
1920 2693 2023 2755 tot
2068 2689 2325 2775 spuriae
2358 2689 2776 2758 reiiciendae·

291 2815 535 2885 essent,
596 2807 738 2892 quis
789 2807 1008 2874 credet
1052 2809 1322 2873 Catonis
1380 2809 1705 2874 orationes
1764 2808 2040 2894 amplius
2102 2816 2366 2876 centum
2428 2812 2750 2897 quinqua-

293 2929 475 3011 ginta
524 2929 845 2994 exstitisse
880 2934 1174 3013 tempore
1220 2928 1549 2993 Ciceronis
1566 2975 1588 3004 ,
1635 2950 1841 3012 quum
1891 2928 2087 2994 etiam
2142 2931 2358 3014 plures
2393 2932 2749 3010 ferrentur;

298 3047 456 3113 dicit
526 3048 698 3113 enim
711 3096 732 3126 ,
795 3050 1070 3116 refertae
1129 3054 1283 3113 sunt
1345 3047 1669 3114 orationes
1736 3046 2012 3131 amplius
2062 3048 2177 3112 CL
2192 3096 2214 3126 ,
2272 3071 2431 3133 quas
2489 3048 2754 3135 quidem

292 3168 504 3233 adhuc
541 3168 900 3235 invenerim
937 3176 1004 3236 et
1038 3168 1350 3253 legerim'’
1375 3172 1465 3253 ⁴²)
1485 3215 1506 3245 ,
1551 3172 1704 3233 cett.
1722 3216 1743 3245 ‚
1788 3189 1990 3253 quum
2024 3190 2217 3235 nemo
2268 3191 2346 3235 ex
2388 3169 2750 3235 oratoribus

294 3289 608 3355 Romanis
667 3289 996 3355 Ciceronis
1061 3295 1273 3355 aetate
1329 3309 1478 3355 eum
1530 3288 1775 3373 legeret
1828 3294 1944 3355 aut
1985 3291 2301 3359 novisset:
2347 3313 2560 3375 neque
2594 3288 2754 3355 ideo

293 3408 638 3474 verisimile
699 3413 797 3475 est
842 3415 946 3475 tot
1003 3410 1203 3474 fuisse
1273 3408 1539 3474 Catonis
1609 3408 1971 3488 orationes,
2046 3409 2221 3494 quod
2288 3410 2540 3475 Tullius
2604 3431 2755 3476 eum

294 3551 516 3595 senem
560 3527 882 3595 dicentem
925 3531 1120 3596 faciat
1135 3578 1155 3607 ,
1206 3556 1238 3590 n
1255 3551 1591 3594 causarum
1637 3529 1992 3594 illustrium
2028 3550 2447 3615 quascunque
2494 3529 2755 3596 defendi

352 3830 418 3893 313)
452 3831 585 3883 Gen.
621 3834 688 3885 N.
725 3833 795 3884 A.
835 3835 903 3884 V.
942 3841 990 3884 4.

352 3913 418 3982 ⁵⁹)
451 3915 584 3967 Gell.
618 3917 686 3968 N.
724 3917 792 3968 A.
827 3918 932 3969 ΠΙ.
970 3924 1018 3969 3.

353 3997 418 4066 ⁴⁰)
452 4001 646 4051 Iniuria
686 4008 856 4053 tamen
892 4018 924 4052 a
969 4002 1314 4053 Gffisenhanio
1353 4002 1670 4071 (Geschichte
1717 4003 1807 4053 der
1854 4002 2005 4052 klass.
2052 4001 2243 4052 Philol.
2282 4002 2356 4052 11.
2393 4017 2441 4065 p.
2478 3998 2601 4065 365)
2646 4001 2768 4063 poni

290 4086 487 4135 videtur
519 4099 587 4135 ex
627 4083 732 4136 Cic.
777 4086 873 4150 Ep.
915 4088 980 4135 ad
1023 4086 1169 4137 Fam.
1219 4086 1322 4137 IX.
1365 4091 1444 4137 16.
1478 4088 1504 4153 §
1541 4094 1588 4137 4.
1623 4088 1991 4139 conficiendum
2026 4101 2133 4138 esse
2166 4087 2336 4138 Plauti
2372 4086 2557 4137 fabulis
2584 4083 2767 4134 multos

291 4184 462 4220 versus
485 4170 648 4219 inesse
674 4170 762 4234 qui
790 4170 1223 4235 interpolatoribus
1251 4173 1575 4232 deberentnr3
1604 4174 1772 4223 scribit
1800 4174 1969 4224 enim:
2009 4195 2032 4217 u
2049 4179 2099 4223 et
2131 4179 2188 4223 ut
2215 4172 2421 4223 Servius
2448 4170 2599 4219 frater
2626 4173 2767 4227 tuus,

292 4271 440 4327 quem
466 4255 880 4316 litteratissimum
906 4257 1060 4311 fuisse
1094 4258 1258 4310 iudico
1271 4296 1286 4319 ‚
1326 4257 1472 4309 facile
1506 4258 1721 4319 diceret,
1754 4258 1839 4308 hic
1875 4272 2045 4309 versus
2077 4257 2249 4308 Plauti
2276 4262 2378 4315 est,
2411 4254 2495 4303 hic
2527 4265 2631 4301 non
2666 4256 2769 4311 est,

292 4350 423 4412 quod
467 4351 607 4400 tritas
652 4364 796 4401 aures
852 4347 1061 4397 haberet
1107 4344 1338 4394 notandis
1394 4344 1658 4407 generibus
1709 4351 1970 4407 poetarum
2016 4350 2065 4394 et
2119 4338 2474 4392 consuetudine
2517 4335 2769 4399 legendi”:

295 4447 473 4500 nempe
506 4436 588 4485 hic
621 4437 758 4487 locus
793 4434 870 4485 nil
902 4432 1042 4483 aliud
1073 4431 1352 4495 significare
1383 4430 1578 4481 videtur
1611 4444 1764 4493 quam
1794 4430 2028 4479 Servium
2057 4426 2271 4476 Paetum
2305 4424 2375 4473 ita
2400 4422 2592 4473 trivisse
2620 4418 2768 4468 Plau-

297 4523 402 4569 tum
436 4520 658 4585 aliosque
692 4520 951 4585 scriptores
968 4556 983 4579 ,
1020 4523 1076 4567 ut
1109 4516 1152 4566 si
1181 4530 1352 4567 versus
1387 4516 1434 4568 ei
1468 4514 1675 4581 quilibet
1710 4513 1967 4566 afferretur
2002 4511 2169 4563 statim
2202 4508 2407 4563 sentiret
2440 4503 2674 4556 Plautino
2702 4517 2769 4552 an

297 4601 421 4655 alius
453 4606 709 4657 cuiusdam
742 4612 917 4669 poetae
951 4608 1091 4653 esset.

365 4686 426 4755 4¹)
462 4689 604 4741 Suet.
641 4690 746 4742 vita
778 4690 993 4740 Horatii.

367 4770 432 4842 ⁴²)
466 4774 571 4829 Cic.
607 4776 750 4828 Brut.
795 4776 872 4824 17.
909 4772 935 4839 ᾗ
970 4776 1052 4822 65.
