3375 5500
645 459 700 501 11

651 649 721 712 in
777 641 1059 710 tenebris
1101 639 1373 706 micasse
1423 639 1844 706 ostenderint.
1916 638 2035 704 Sin
2085 643 2347 717 contra,
2392 644 2468 703 ut
2515 636 2789 704 Cludius
2838 635 2996 704 dicit
3026 641 3083 722 ²)
3106 685 3127 714 ,

654 764 735 830 de
791 762 894 828 his
955 759 1188 827 studiis
1254 783 1392 827 non
1446 760 1617 826 male
1671 759 1903 825 mereri
1953 759 2256 825 videntur
2302 759 2417 844 qui
2456 758 2741 843 genuina
2789 780 2829 824 a
2881 781 3125 845 suppo-

653 884 880 951 siticiis
944 881 1312 967 disiungere
1378 885 1442 947 et
1501 880 1900 964 distinguere
1965 880 2264 958 student,
2339 902 2473 946 non
2534 901 2723 965 aegre
2784 877 2993 964 patiar
3045 885 3130 942 ut

653 1005 780 1071 hoc
833 1005 1174 1070 inventum
1230 1023 1363 1067 non
1417 1020 1636 1066 meum
1702 1022 1840 1067 esse
1896 1000 2147 1067 dicatur
2165 1049 2185 1078 ,
2240 1000 2442 1066 immo
2496 1006 2573 1066 ut
2626 1000 2878 1084 integra
2928 998 3129 1064 huius

653 1125 1049 1190 inventionis
1097 1122 1238 1186 laus
1285 1119 1370 1184 ad
1414 1119 1617 1185 alium
1662 1120 2040 1187 devolvatur
2081 1119 2223 1205 ipse
2264 1121 2439 1186 ultro
2485 1121 2764 1206 postulo.

744 1245 846 1308 Ex
893 1265 1023 1328 quo
1069 1239 1348 1306 Wolfius
1381 1243 1436 1325 ³)
1493 1240 1967 1325 significaverat
2013 1261 2214 1305 unam
2271 1261 2307 1307 e
2352 1241 2753 1306 Catilinariis
2802 1241 2927 1308 sibi
2972 1264 3130 1327 spu-

657 1363 821 1428 riam
855 1361 1089 1439 videri,
1131 1380 1252 1426 nec
1290 1358 1628 1426 addiderat
1662 1383 1858 1444 quam
1892 1361 2119 1438 vellet,
2154 1360 2377 1426 statim
2414 1359 2646 1434 νοθείας
2680 1363 3016 1448 perspicua
3058 1368 3133 1427 et

658 1491 832 1550 certa
875 1480 1115 1547 indicia
1162 1480 1234 1544 in
1283 1480 1490 1548 tribus
1541 1480 2005 1567 posterioribus
2055 1480 2451 1546 Catilinariis
2500 1481 2826 1547 invenisse
2870 1480 2994 1547 sibi
3028 1481 3132 1546 vi-

659 1602 977 1668 debantur
1022 1599 1145 1664 viri
1194 1599 1390 1666 docti.
1480 1602 1582 1666 Ex
1624 1623 1905 1685 quorum
1946 1621 2217 1666 numero
2270 1600 2428 1666 satis
2472 1622 2707 1684 magno
2762 1600 2893 1666 duo
2940 1621 3130 1686 prae-

657 1723 880 1789 sertim
921 1727 1108 1799 sunt,
1154 1744 1316 1807 quos
1361 1722 1702 1807 signiferos
1748 1721 2032 1807 quodam
2065 1721 2207 1786 iure
2242 1719 2519 1787 diceres:
2556 1720 2635 1783 E.
2664 1719 2747 1786 A.
2779 1719 2837 1782 I.
2864 1718 3134 1784 Ahrens

662 1843 775 1926 qui
843 1847 1139 1925 quartam
1203 1842 1567 1908 orationem
1632 1842 1704 1905 in
1760 1841 2112 1906 Catilinam
2167 1862 2207 1906 a
2260 1839 2573 1906 Cicerone
2627 1837 3133 1904 abiudicandam

663 1983 802 2029 esse
853 1961 1192 2027 contendit
1223 1963 1318 2046 ⁴),·
1363 1962 1465 2027 Io.
1509 1963 1699 2046 Casp.
1752 1961 1996 2038 Orelli,
2043 1959 2153 2046 qui
2210 1965 2340 2031 tres
2388 1959 2773 2046 posteriores
2810 1959 3133 2025 Catilina-

657 2081 786 2148 rias
831 2080 1162 2147 damnavit
1195 2084 1276 2166 ⁵).

747 2203 967 2269 Antea
1021 2223 1174 2268 vero
1225 2201 1358 2265 iam
1419 2200 1716 2267 libellum
1766 2197 2057 2264 ediderat
2111 2199 2201 2262 H.
2246 2198 2327 2264 G.
2370 2199 2424 2262 I.
2468 2197 2741 2262 Cludius
2790 2225 2825 2259 a
2846 2196 2931 2264 de
2985 2197 3129 2262 Au-

551 2379 556 2386 .
658 2324 913 2390 thentia
951 2321 1272 2388 secundae
1318 2320 1630 2387 orationis
1670 2318 2159 2396 Catilinariae'ss
2202 2339 2397 2403 quem
2437 2316 2729 2384 Seebode
2772 2317 3017 2403 recepit
3050 2317 3129 2380 in

659 2443 938 2510 diarium
991 2441 1098 2508 cui
1161 2463 1439 2507 nomen:
1513 2442 1741 2506 Neues
1794 2439 2035 2504 Archiv
2106 2439 2215 2503 fiir
2265 2437 2633 2522 Philologie
2687 2437 2826 2502 und
2878 2435 3126 2504 Paeda-

659 2563 853 2648 gogik
891 2566 976 2647 ⁶⁸).
1064 2562 1136 2626 Is
1181 2561 1358 2628 enim
1407 2559 1743 2626 audiverat
1788 2559 2108 2625 Wolfium
2156 2557 2481 2624 dicentem
2526 2581 2701 2623 anno
2746 2558 2941 2623 huius
2982 2579 3126 2623 sae-

659 2683 790 2751 culi
847 2681 1078 2767 quinto
1133 2681 1206 2746 in
1267 2680 1634 2747 acroasibus
1679 2680 1761 2746 de
1813 2680 2179 2746 litteratura
2228 2679 2527 2745 Romana
2586 2706 2620 2740 a
2636 2700 2835 2743 unam
2882 2699 2919 2744 e
2963 2701 3127 2762 qua-

657 2811 808 2869 tuor
869 2800 1270 2867 Catilinariis
1337 2802 1741 2868 orationibus
1804 2801 2290 2887 suppositiciam
2362 2800 2565 2867 videri
2644 2820 2915 2883 eamque
2982 2819 3127 2865 esse

655 2922 924 2988 alteram
968 2942 1005 2987 e
1044 2920 1274 2987 mediis
1317 2914 1635 2987 duabus?
1709 2923 1934 2987 Quum
1969 2920 2027 2986 is
2058 2921 2393 3007 aliquanto
2438 2925 2587 3007 post
2626 2920 2697 2983 in
2736 2942 2842 2985 eas
2882 2919 3125 2983 oratio-

659 3064 776 3108 nes
831 3042 1001 3107 forte
1049 3041 1384 3109 incidisset
1398 3090 1420 3121 ,
1477 3042 1550 3108 in
1594 3042 1813 3128 priore
1868 3042 1985 3107 illa
2030 3063 2167 3108 non
2221 3062 2425 3128 pauca
2471 3042 2565 3106 ita
2612 3040 2789 3104 illius
2830 3039 3126 3105 animum

657 3160 1070 3227 offenderunt
1084 3209 1108 3237 ‚
1151 3166 1230 3227 ut
1263 3161 1542 3228 molesto
1589 3161 1845 3228 dicendi
1884 3183 2119 3246 genere
2161 3160 2492 3246 perculsus
2536 3158 2937 3225 confidenter
2973 3180 3126 3244 pro-

658 3280 993 3346 nuntiaret
1033 3280 1216 3345 illam
1251 3301 1390 3345 esse
1405 3327 1427 3357 ,
1468 3301 1664 3364 quam
1700 3281 1979 3345 Wolfius
2026 3303 2061 3346 e
2104 3280 2547 3347 Ciceronianis
2586 3279 2781 3345 eximi
2814 3278 3007 3345 vellet
3038 3282 3095 3365 7)
3108 3330 3125 3343 .

717 3552 758 3620 ²)
793 3554 874 3605 De
907 3554 1166 3605 authentia
1198 3552 1311 3607 Sec.
1347 3551 1487 3606 Orat.
1522 3550 1670 3605 Catil.
1708 3552 1761 3604 in
1797 3552 2031 3605 Seebodii
2065 3552 2275 3605 Archiv.
2312 3554 2387 3605 Π.
2424 3560 2473 3605 4.
2510 3568 2561 3619 p.
2597 3560 2681 3607 48.

715 3636 756 3707 ³)
791 3639 926 3691 Vide
969 3638 1230 3691 historiam
1263 3637 1485 3689 criticam
1517 3638 1837 3690 voluminum
1871 3639 2227 3691 Cl'ullianorum
2270 3640 2335 3690 ad
2368 3655 2513 3691 suam
2545 3648 2759 3695 aetatem
2778 3680 2795 3704 ,
2828 3642 2961 3707 apud
2994 3642 3136 3695 Wol-

647 3726 772 3775 fium
804 3724 859 3774 in
893 3722 1049 3790 praef.
1081 3724 1182 3774 IV.
1218 3720 1378 3775 Oratt.
1413 3737 1464 3789 p.
1498 3722 1582 3774 VI
1614 3738 1722 3789 sqq.

719 3806 762 3874 ⁴)
797 3808 924 3857 Eius
953 3806 1082 3858 liber
1114 3807 1248 3858 hanc
1281 3806 1656 3873 inscriptionem
1687 3808 1868 3859 habet:
1901 3808 1979 3859 M.
2009 3808 2169 3861 Tullii
2202 3808 2480 3870 Ciceronis,
2513 3824 2642 3875 quae
2678 3809 2832 3861 fertur
2865 3810 3023 3860 oratio
3050 3812 3135 3863 IV

653 3892 709 3941 in
754 3890 1028 3943 Catilinam
1038 3913 1054 3953 3
1105 3892 1423 3956 recognovit,
1469 3895 1841 3946 commentariis
1885 3895 2151 3957 instruxit,
2200 3911 2234 3946 a
2274 3896 2519 3947 Cicerone
2550 3894 2849 3947 abiudicavit
2880 3894 2943 3945 E.
2980 3894 3049 3945 A.
3086 3896 3134 3946 1.

653 3974 877 4023 Ahrens.
906 3974 1129 4041 Coburgi
1163 3980 1312 4027 1832.

725 4058 886 4112 Orelli
927 4060 1046 4112 dicit
1090 4061 1404 4113 Ahrensium
1449 4063 1613 4127 ipsum
1657 4072 1759 4116 tres
1804 4078 2004 4131 quoque
2052 4065 2302 4117 orationes
2342 4066 2635 4131 posteriores
2667 4064 2893 4117 reiecisse
2925 4077 2975 4129 p.
3017 4066 3039 4110 1
3052 4065 3136 4113 77.

653 4144 732 4195 ed.
767 4142 891 4197 XV.
927 4143 1091 4197 Oratt.

725 4224 766 4294 ⁶)
802 4229 879 4279 Μ.
915 4229 1102 4291 Tullii,
1137 4228 1402 4283 Orationes
1435 4230 1646 4283 selectae
1680 4231 1807 4285 XV.
1842 4232 2015 4285 Turiei
2056 4237 2205 4285 1836.

727 4311 768 4381 6)
803 4316 878 4366 11.
913 4330 963 4382 p.
1001 4320 1048 4366 4.
1085 4330 1131 4367 a.
1175 4316 1326 4366 1827.
1360 4329 1410 4381 p.
1447 4318 1672 4367 47—85.

728 4396 770 4467 7)
805 4400 884 4451 De
929 4400 1168 4467 opusculo
1211 4398 1382 4454 Cluuii
1423 4400 1551 4453 haec
1585 4408 1660 4453 est
1694 4403 1944 4455 sententia
1975 4404 2037 4454 E.
2073 4402 2259 4467 Hagen
2306 4405 2361 4454 in
2395 4418 2535 4469 prog.
2570 4404 2935 4466 Regimontano
2976 4404 3135 4451 1851:

659 4484 720 4537 de
762 4483 1000 4537 Ciceronis
1036 4484 1362 4548 Catilium—iis,
1411 4502 1462 4553 p.
1500 4489 1586 4537 28.
1635 4510 1662 4533 n
1675 4488 1757 4540 vir
1790 4490 1993 4551 doctus,
2027 4490 2165 4555 quod
2192 4491 2298 4555 ipse
2334 4491 2388 4541 in
2422 4488 2727 4553 praefatione
2754 4484 3003 4552 professus
3035 4491 3137 4543 est,

659 4584 810 4623 sensu
839 4573 1058 4637 quodam
1090 4573 1298 4624 obscuro
1331 4573 1521 4637 magis,
1553 4589 1710 4639 quam
1742 4576 1889 4627 certis
1922 4577 2229 4640 argumentis
2260 4591 2314 4627 se
2352 4576 2467 4625 duci
2500 4590 2672 4639 passus
2712 4580 2785 4624 est
2820 4579 2869 4622 et
2901 4571 3139 4635 pleraque

661 4657 788 4707 adeo
837 4659 1083 4710 subtiliter
1133 4657 1386 4719 tractavit,
1437 4665 1495 4709 ut
1539 4660 1631 4710 vix
1662 4665 1865 4726 putem,
1911 4675 2215 4728 quemquam
2244 4675 2311 4712 ex
2344 4660 2507 4711 omnis
2540 4660 2651 4712 aevi
2684 4656 2999 4723 scriptoribus
3032 4662 3139 4705 tam

662 4742 955 4805 suspiciosae
987 4742 1332 4811 perquisitioni
1363 4742 1783 4799 satisfacturum.'’
