3375 5500
1894 378 1977 440 12

707 592 788 665 O.
845 587 1070 662 Mario
1127 591 1197 660 et
1252 585 1332 659 L.
1382 583 1657 658 Valerio
1716 581 2118 658 consulibus
2174 591 2279 658 est
2335 586 2669 684 permissa
2733 587 3163 687 respublica3

707 742 880 794 num
941 739 1164 788 unum
1215 713 1402 790 diem
1464 718 1703 812 postea
1761 712 1841 788 L.
1892 713 2345 788 Saturninum
2400 715 2762 792 tribunum
2815 716 3038 815 plebis
3092 727 3168 792 et

707 849 788 922 C.
845 844 1210 922 Servilium
1269 849 1652 940 praetorem
1712 865 1896 916 mors
1950 865 2029 916 ac
2084 842 2500 941 reipublicae
2553 869 2777 943 poena
2826 854 3171 922 remorata

708 976 866 1050 est?
963 976 1063 1048 At
1110 995 1268 1048 vero
1312 971 1374 1062 ⁹)
1421 995 1546 1046 nos
1585 969 1986 1046 vicesimum
2036 969 2177 1046 iam
2222 969 2406 1046 diem
2452 972 2757 1071 patimur
2801 972 3170 1048 hebescere

795 1133 836 1203 ⁹)
872 1149 1008 1186 vero.
1043 1134 1192 1184 omis.

703 1447 960 1514 vellent,
996 1452 1065 1504 ut
1096 1443 1172 1504 ad
1201 1442 1398 1522 legem
1421 1442 1829 1521 accipiendam
1852 1440 2186 1502 adessent.”
2224 1440 2339 1500 Cic.
2363 1459 2454 1519 ap.
2479 1440 2609 1500 Asc.
2635 1439 2773 1501 Ped.
2797 1460 2849 1520 p.
2876 1439 3055 1501 Orell.
3083 1443 3174 1502 75.

699 1577 781 1590 --
813 1559 951 1602 nam
983 1556 1162 1601 anam
1194 1536 1345 1597 diem
1370 1542 1583 1615 postea.
1647 1535 1938 1600 Ultimum
1972 1537 2330 1599 vocabulum
2365 1537 2570 1616 inepte
2608 1537 2866 1598 additur.
2895 1571 2978 1583 —-
3000 1537 3175 1600 tribu-

699 1655 839 1698 nam
871 1636 956 1716 pl.
997 1669 1080 1682 ---
1113 1639 1451 1714 praetorem.
1515 1632 1821 1704 HonoreS‚
1863 1635 1967 1713 qui
2002 1632 2066 1695 in
2109 1632 2194 1694 Ti.
2232 1644 2295 1695 et
2331 1632 2390 1694 C.
2428 1631 2709 1694 Gracchis
2740 1635 2941 1695 omissi
2972 1646 3178 1704 erant,

701 1751 900 1814 neque
949 1731 1066 1793 boc
1107 1732 1239 1792 loco
1287 1731 1551 1811 ponendi
1593 1731 1878 1800 fuissent,
1933 1747 2131 1809 neque
2182 1748 2215 1790 a
2258 1738 2579 1809 personato
2630 1727 2916 1792 Cicerone
2968 1742 3175 1792 essent

701 1830 891 1890 additi
935 1829 986 1888 si
1029 1827 1086 1888 ei
1129 1826 1463 1888 defuissent
1505 1826 1811 1886 Ciceronis
1851 1825 2035 1887 verba
2078 1844 2153 1886 ex
2196 1824 2347 1888 Phil.
2392 1822 2540 1886 VIII.
2586 1826 2640 1886 5.
2682 1824 2732 1906 ἓ
2773 1827 2881 1888 15:
2924 1823 3031 1886 nL.
3078 1825 3179 1887 Sa-

703 1926 988 1985 turninus
1038 1923 1176 1984 trib.
1223 1923 1299 2002 pl.
1343 1923 1404 1983 C.
1457 1921 1699 1983 Glaucia
1749 1933 1992 2002 praetor
2047 1932 2138 1982 est
2190 1921 2599 1984 interfectuS.'’
2642 1955 2723 1966 ——
2762 1940 2919 1983 mors
2953 1941 3026 1984 ac
3068 1925 3178 1984 rei-

695 2019 962 2098 publicae
1004 2033 1228 2096 poena,·
1280 2017 1448 2097 prius
1504 2017 1861 2078 vocabulum
1912 2016 2054 2077 huic
2101 2019 2236 2078 loco
2290 2036 2413 2078 non
2470 2017 2784 2087 convenit;
2842 2021 3180 2098 requiritur

702 2116 865 2175 enim
901 2124 970 2175 ut
1011 2122 1217 2174 orator
1257 2112 1420 2173 dicat
1461 2130 1563 2173 eos
1603 2112 1789 2172 fuisse
1825 2112 2209 2182 intersect0s;
2261 2131 2460 2193 neque
2503 2131 2747 2193 possum
2796 2115 3179 2195 acquiescere

703 2214 768 2274 in
819 2211 1039 2272 Halmii
1090 2209 1486 2289 explicatione
1575 2209 1895 2272 scribentis
1944 2227 2102 2270 vocc.
2152 2226 2224 2269 ac
2270 2210 2410 2288 reip.
2451 2228 2639 2289 poena
2679 2210 2780 2272 hic
2820 2212 3181 2273 nominatim

705 2326 836 2369 esse
895 2307 1100 2368 addita
1160 2314 1229 2366 ut
1286 2304 1658 2366 indicaretur
1708 2325 1781 2366 ea
1821 2323 2041 2385 poena,
2090 2325 2209 2384 qua
2250 2305 2591 2386 respublica
2624 2325 2729 2367 eos
2764 2307 3065 2368 afficiebat
3100 2306 3183 2388 (in

705 2406 800 2466 ed.
845 2402 1002 2483 Lips.
1047 2422 1101 2482 p.
1145 2400 1262 2483 26).
1307 2436 1389 2448 —
1428 2408 1717 2462 remorata
1760 2409 1855 2462 est.
1919 2400 2229 2464 Remorari
2280 2401 2579 2483 significat
2640 2404 2769 2466 fere
2810 2404 2970 2466 idem
3014 2404 3184 2484 quod

704 2500 1048 2568 retardare;
1097 2505 1167 2558 ut
1216 2506 1310 2559 est
1358 2517 1412 2560 v.
1457 2516 1505 2559 c.
1551 2499 1711 2578 apud
1763 2497 1879 2559 Cic.
1931 2500 2007 2559 de
2059 2498 2203 2578 Imp.
2254 2497 2357 2559 Cn.
2411 2495 2611 2578 Pomp.
2655 2500 2747 2560 14.
2791 2500 2840 2581 5
2880 2501 2988 2560 40:
3036 2499 3185 2560 »sed

706 2615 814 2658 eae
866 2615 995 2667 reS,
1045 2613 1199 2676 quae
1250 2603 1486 2655 ceteros
1535 2595 1829 2656 remorari
1874 2595 2098 2664 solent,
2155 2594 2278 2675 (Cn.
2324 2595 2692 2678 Pompeium)
2740 2613 2865 2656 non
2913 2595 3183 2656 retarda-

707 2693 906 2756 runt.''
986 2693 1154 2756 Idem
1189 2693 1372 2755 etiam
1408 2691 1644 2754 Hahnio
1677 2693 1874 2756 visum
1910 2701 2028 2763 est,
2070 2693 2241 2755 cuius
2284 2691 2740 2773 explicationem
2775 2708 2900 2751 non
2936 2709 3183 2771 possum

707 2810 830 2853 non
867 2792 1232 2861 adscribere,
1263 2800 1334 2851 ut
1369 2800 1650 2872 appareat
1686 2791 1820 2851 luce
1856 2791 2104 2859 clariuS,
2147 2789 2292 2870 quid
2328 2788 2595 2849 Ciceroni
2634 2787 2817 2849 etiam
2851 2784 2929 2847 ab
2963 2786 3047 2847 iis
3087 2788 3182 2849 oh-

709 2887 1017 2957 trudatur,
1074 2886 1177 2967 qui
1221 2888 1284 2947 in
1328 2904 1402 2947 eo
1444 2896 1689 2947 auctore
1742 2886 2199 2965 interpretando
2234 2886 2395 2947 vitae
2438 2883 2894 2945 tabernaculum
2954 2900 3184 2961 ponere

706 2987 1008 3049 videntur.
1073 2985 1234 3047 »Der
1273 2984 1593 3047 Ausdruck
1635 2982 1859 3044 beruht
1902 2983 2009 3043 auf
2043 2983 2183 3045 dem
2224 2980 2580 3049 Gedanken,
2623 2979 2731 3041 das
2758 2978 2902 3057 ιῙεῐιε
2933 2976 3187 3039 Frevler

709 3080 896 3144 sebon
945 3083 1145 3163 langst
1216 3082 1336 3144 den
1394 3081 1523 3143 Tod
1581 3082 1957 3161 gewartigen
2012 3091 2287 3142 mussten
2334 3079 2446 3139 der
2495 3077 2581 3137 sie
2632 3078 2745 3139 mit
2796 3076 3031 3137 seinem
3082 3074 3187 3135 Er-

710 3176 999 3237 scheinen
1041 3177 1194 3237 auch
1225 3177 1396 3237 nicht
1423 3178 1633 3255 langer
1667 3175 1957 3244 hinhielt,
2000 3175 2087 3235 als
2122 3174 2215 3234 bis
2250 3173 2357 3233 das
2388 3170 2842 3233 Senatsconsult
2870 3171 3185 3252 erfolgte.''

711 3271 876 3333 Talia
919 3291 954 3332 a
997 3289 1231 3333 summo
1281 3272 1510 3331 scilicet
1562 3280 1803 3329 oratore
1853 3270 2014 3330 dicta
2065 3289 2195 3331 esse
2240 3270 2377 3348 quis
2418 3269 2577 3329 serio
2627 3268 2955 3331 defendet?
3003 3287 3186 3349 porro

710 3369 1038 3430 absurdum
1080 3377 1173 3428 est
1215 3369 1416 3428 dicere
1458 3375 1717 3427 mortem
1760 3384 1899 3425 eum
1940 3368 2261 3434 remorari,
2303 3367 2407 3445 qui
2450 3385 2589 3427 scro
2627 3365 3007 3427 interficitur.

791 3464 865 3523 At
903 3482 1009 3524 nos
1046 3464 1370 3525 vicesimam
1409 3464 1530 3523 iam
1569 3462 1721 3522 diem
1947 3461 2266 3521 condemno.
2331 3461 2400 3521 In
2436 3462 2856 3522 numeratione
2886 3460 2946 3520 h.
2978 3462 3016 3521 l.
3065 3462 3185 3539 lap-

711 3577 844 3620 sum
887 3577 1018 3620 esse
1061 3560 1397 3630 rhetorem,
1439 3561 1922 3620 demonstratum
1963 3556 2103 3616 dedi
2146 3556 2211 3615 in
2253 3555 2702 3617 introductione
2745 3576 2800 3637 p.
2844 3573 2982 3616 xm
3028 3574 3181 3635 sqq.:

709 3654 1020 3716 videamus
1053 3658 1238 3718 etiam
1274 3656 1421 3737 quid
1453 3655 1552 3716 his
1585 3655 1787 3718 verbis
1820 3654 2219 3714 contineatur.
2304 3651 2507 3713 Primo
2546 3652 2695 3713 haec
2731 3663 3185 3734 comparantur:

711 3752 900 3813 aciem
943 3754 1317 3816 auctoritatis
1345 3753 1703 3821 hebescere,
1746 3770 1882 3811 cum
1912 3750 2019 3819 iis,
2055 3766 2207 3829 quae
2237 3748 2314 3810 de
2346 3747 2673 3810 Saturnino
2694 3750 3015 3829 leguntur,
3047 3765 3185 3810 eum

712 3848 918 3908 statim
967 3868 1098 3910 esse
1134 3850 1552 3919 interfectum;
1587 3849 1651 3909 in
1688 3849 1909 3929 quibus
1942 3847 2095 3907 acies
2122 3846 2481 3907 auctoritatis
2507 3846 2835 3907 absurdum
2864 3856 2957 3907 εει
2975 3893 2991 3917 ,
3028 3846 3186 3907 acies

711 3942 875 4001 enim
920 3946 1257 4015 oculorum,
1285 3948 1509 4007 mentis
1538 3954 1678 4005 cett.
1709 3944 1829 4005 dici
1853 3953 2078 4023 potest,
2109 3953 2172 4003 et
2195 3952 2360 4003 recte
2382 3943 2631 4012 dicitur,
2652 3961 2777 4003 non
2800 3950 3005 4003 autem
3028 3943 3184 4002 acies

714 4039 1117 4099 auctoritatis:
1160 4060 1338 4120 porro
1387 4041 1492 4101 illo
1537 4038 1705 4108 Sct0,
1750 4039 1912 4117 quod
1954 4039 2137 4099 etiam
2186 4038 2235 4119 ὃ
2276 4037 2312 4098 3
2351 4038 2388 4098 f.
2432 4056 2615 4118 prave
2662 4039 2885 4100 dicitur
2927 4036 3185 4103 auctori-

714 4142 838 4202 taS‚
881 4133 1225 4197 consulibus
1266 4136 1554 4215 permissa
1589 4144 1721 4195 erat
1750 4135 1930 4215 reip.,
1972 4136 2143 4195 cuius
2174 4132 2297 4194 Scti
2332 4136 2448 4204 vis,
2484 4136 2535 4196 si
2571 4136 2635 4197 in
2671 4152 2987 4215 praesenS,
3030 4138 3185 4193 certa

711 4227 784 4287 de
825 4246 1030 4299 causa,
1085 4248 1159 4290 eo
1212 4249 1338 4291 non
1393 4230 1725 4291 utebantur
1780 4231 2080 4299 consules,
2136 4240 2341 4291 tamen
2396 4250 2520 4292 non
2573 4231 2993 4299 minuebatur;
3045 4246 3184 4289 nam

711 4326 898 4387 etiam
953 4339 1087 4407 post
1138 4328 1487 4390 vicesimum
1543 4327 1705 4389 diem
1759 4328 1932 4388 licuit
1982 4327 2327 4389 consulibus
2362 4330 2457 4389 vel
2502 4328 2803 4397 Ciceroni,
2844 4323 3006 4406 (nam
3042 4322 3181 4384 inde

713 4441 750 4481 a
793 4423 992 4483 verbis
1035 4424 1198 4504 cupio
1239 4460 1320 4473 -——
1357 4443 1448 4487 me
1486 4443 1603 4485 esse
1653 4425 2005 4494 clementem,
2055 4424 2132 4485 de
2175 4426 2303 4486 solo
2348 4425 2547 4486 Tullio
2596 4443 2792 4486 sermo
2834 4432 2953 4491 est,
2998 4437 3182 4501 quum

713 4518 782 4578 in
823 4521 1234 4600 superioribus
1279 4539 1515 4602 semper
1563 4520 1823 4581 eoas-ales
1870 4519 2279 4604 nominentur)
2322 4523 2371 4582 si
2416 4541 2563 4602 opus
2613 4522 2955 4589 videretur,
2999 4538 3077 4579 ex
3110 4534 3180 4575 eo

715 4611 882 4685 Scto,
924 4617 988 4676 in
1032 4636 1212 4695 quem
1253 4618 1576 4679 videbatur
1615 4616 2111 4678 animadvertere.
2162 4652 2244 4663 —-—
2286 4616 2577 4679 hebescere
2617 4618 2797 4678 aciem
2846 4642 2870 4671 r»
2889 4615 3060 4695 quasi
3105 4611 3180 4670 de

716 4709 968 4789 gladio.''
1032 4711 1244 4775 Muret.
1290 4734 1342 4792 p.
1389 4713 1536 4780 542;
1593 4721 1655 4773 at
1704 4731 1775 4773 ea
1826 4711 2179 4792 metaphora
2229 4732 2353 4775 non
2402 4715 2699 4794 procedit;
2730 4710 2889 4776 ‘nam
2944 4710 3178 4791 gladius
