3375 5500
1457 406 1544 470 23

273 620 467 686 rante
530 612 782 701 facere,
852 611 1040 711 quod
1087 612 1224 685 iam
1269 617 1392 685 tua
1439 616 1682 710 sponte
1702 608 2077 686 faciebas?
2172 615 2380 690 Exire
2425 644 2510 692 ex
2556 621 2724 697 urbe

271 740 468 815 iubet
538 740 778 815 consul
856 741 1144 815 hostem.
1265 741 1657 838 Interrogas
1733 764 1881 826 me,
1924 765 2124 816 -num
2203 744 2276 816 in
2351 747 2719 823 exsilium?

267 869 430 943 Non
482 869 727 957 iube0‚
781 869 904 944 sed
954 871 1011 942 si
1061 893 1172 942 me
1223 865 1562 953 0011311113,
1616 867 1891 940 suadeo,

254 1267 441 1326 ratio:
497 1264 662 1345 quod
713 1263 988 1343 sequitur
1036 1280 1208 1322 vero:
1259 1279 1396 1322 num
1435 1261 1500 1320 in
1541 1261 1849 1322 exsilium?
1892 1260 2221 1323 absurdum
2262 1273 2371 1324 est.
2455 1299 2535 1310 ——
2575 1267 2721 1346 quod

251 1360 376 1421 iam
418 1368 519 1422 tua
561 1366 753 1440 sponte
794 1358 1062 1437 faciebas.
1147 1355 1418 1417 Halmius
1461 1357 1742 1424 adnotat,
1786 1356 1977 1434 facere
2017 1357 2270 1428 volebas,
2313 1360 2475 1438 quod
2519 1361 2722 1424 absur-

251 1455 402 1516 dum
459 1465 581 1526 est;
623 1475 762 1516 nam
817 1453 1070 1514 Catilina
1125 1453 1390 1531 facturas
1444 1460 1569 1512 erat
1623 1462 1839 1532 sponte
1892 1453 1985 1522 id,
2028 1454 2191 1534 quod
2234 1475 2395 1516 nunc
2437 1459 2493 1517 ei
2537 1459 2719 1538 impe-

247 1553 376 1613 rari
413 1554 651 1613 dicitur.
716 1549 794 1612 Ut
829 1570 972 1613 vero
1008 1568 1177 1611 suam
1212 1551 1671 1630 explicationem
1715 1550 2093 1610 commendet
2132 1550 2283 1611 haec
2320 1552 2516 1613 addit:
2560 1555 2722 1614 »wie

248 1649 388 1708 eine
433 1648 762 1710 Handschr.
807 1667 914 1709 aus
957 1645 1162 1708 610330
1205 1645 1498 1707 werklich
1540 1646 1734 1706 liest.''
1817 1645 1915 1706 Sic
1956 1647 2077 1706 scil.
2118 1648 2419 1708 orationes
2454 1649 2517 1708 in
2554 1647 2721 1709 scho-

247 1745 446 1804 larum
502 1765 677 1806 usum
732 1744 1014 1805 eduntur.
1079 1742 1336 1821 faciebas
1388 1742 1632 1802 defendi
1676 1760 1799 1802 non
1841 1751 2070 1820 potest,
2112 1761 2189 1802 ne
2233 1743 2433 1804 verbis
2476 1745 2723 1824 quidem

249 1839 555 1900 Ciceronis
604 1842 680 1902 de
725 1839 833 1900 Off.
878 1838 974 1900 ΙΙΙ.
1019 1841 1114 1900 30.
1157 1838 1205 1919 5
1247 1839 1392 1898 109:
1457 1836 1701 1916 »Atque
1743 1827 1926 1898 huius
1967 1837 2293 1898 deditionis
2343 1840 2469 1918 ipse
2514 1839 2722 1900 Postu-

249 1938 441 2006 1111113,
483 1939 587 2016 qui
630 1937 997 2005 dedebatur,
1041 1935 1096 2016 (i.
1135 1955 1185 1994 e.
1242 1935 1346 2014 qui
1391 1933 1706 1994 dedendus
1749 1933 1900 2016 erat)
1944 1952 2153 1995 suasor
2192 1944 2256 1994 et
2298 1946 2509 1997 auctor
2550 1937 2721 1998 fuit.”

249 2033 342 2113 (cs.
386 2033 579 2095 Madv.
623 2032 718 2094 Gr.
761 2032 890 2094 Lat.
935 2033 984 2113 S
1027 2032 1162 2092 362.
1201 2032 1334 2092 adn.
1374 2033 1426 2090 1.
1465 2031 1557 2092 ed.
1593 2030 1711 2112 2⁸⁰)
1744 2065 1826 2076 ——
1860 2050 1975 2090 non
2008 2031 2198 2102 iubae,
2240 2067 2321 2076 —
2363 2033 2461 2092 sed
2494 2032 2717 2093 suadea

252 2130 522 2192 Stultum
561 2130 675 2191 hoe
719 2140 841 2199 est;
884 2149 1024 2192 nam
1061 2147 1183 2189 non
1219 2136 1457 2208 poterat
1493 2126 1700 2188 Cicero
1736 2127 2051 2188 Catilinam
2086 2128 2297 2189 iubere
2343 2130 2405 2188 in
2441 2130 2720 2189 exsilium

249 2227 370 2296 ire;
428 2227 636 2288 »nulla
692 2227 854 2286 enim
910 2227 1008 2286 lex
1064 2234 1194 2284 erat
1251 2223 1407 2303 apud
1458 2234 1697 2285 veteres
1745 2222 2067 2292 RomanOS,
2108 2243 2262 2303 quae
2306 2225 2497 2284 ullum
2539 2225 2718 2283 male-

250 2323 453 2384 ficium
510 2324 719 2384 exsilio
773 2319 1114 2383 multaret.’'
1195 2319 1406 2380 Muret.
1466 2340 1518 2399 p.
1580 2320 1714 2379 549.
1800 2317 1977 2378 Plura
2027 2318 2104 2379 de
2155 2337 2226 2378 ea
2268 2337 2333 2378 re
2391 2319 2598 2398 scripsi
2654 2320 2718 2378 in

250 2418 410 2499 Disp.
473 2439 606 2479 mea
655 2419 732 2478 de
796 2418 1058 2479 Crimine
1116 2417 1376 2477 ambitus
1418 2436 1471 2495 p.
1525 2417 1642 2476 155
1685 2434 1811 2493 sqq.
1854 2448 1935 2458 --
1969 2413 2021 2474 si
2052 2432 2142 2473 me
2182 2415 2445 2475 consulis.
2510 2413 2719 2494 Inepte

246 2513 401 2574 11300
475 2515 810 2583 adduntur,
882 2534 949 2577 ac
1005 2515 1054 2574 si
1119 2514 1372 2576 Catilina
1436 2514 1486 2572 is
1549 2522 1741 2581 esset,
1804 2513 1909 2591 qui
1974 2510 2321 2572 Ciceronem
2377 2511 2452 2570 de
2517 2530 2587 2570 ea
2651 2529 2717 2570 re

248 2611 608 2674 consuleret.

327 2800 728 2882 Exponuntur
769 2804 834 2863 in
882 2822 1044 2882 capp.
1089 2806 1126 2863 6
1172 2814 1236 2863 et
1281 2804 1347 2871 7,
1405 2813 1467 2863 et
1511 2805 1576 2863 in
1625 2805 1827 2883 priore
1884 2811 2053 2883 parte
2104 2821 2227 2881 cap.
2272 2802 2310 2861 8
2353 2818 2593 2867 causae,
2638 2798 2715 2857 ob

244 2917 393 2977 quas
437 2898 727 2958 Catilinae
777 2908 844 2957 ut
904 2918 979 2958 ex
1028 2897 1178 2957 urbe
1224 2898 1666 2977 proficiscatur,
1718 2899 1930 2959 suadet
1974 2899 2197 2958 consul.
2289 2896 2503 2956 Totam
2558 2894 2715 2954 hane

243 2994 598 3071 particulam
642 2996 930 3056 orationis
975 2996 1194 3055 melius
1239 2995 1536 3054 omisisset
1586 3004 1816 3054 orator:
1866 3013 2005 3055 nam
2048 2993 2375 3052 absurdmn
2417 2999 2509 3050 est
2552 2989 2712 3049 Cice—

241 3110 452 3151 ronem
495 3092 810 3152 consilium
855 3092 999 3152 dare
1051 3092 1342 3153 Catilinae
1393 3101 1462 3150 ut
1499 3110 1574 3151 ex
1609 3090 1759 3150 urbe
1796 3088 2236 3169 proficiscatur,
2272 3106 2459 3167 quum
2493 3086 2613 3146 iam
2648 3085 2711 3144 in

243 3188 650 3265 superioribus
685 3190 742 3249 ei
777 3190 1052 3249 dixisset:
1091 3207 1270 3247 »num
1311 3188 1551 3249 dubitas
1587 3188 1649 3247 id
1683 3206 1773 3247 me
1806 3187 2122 3265 imperante
2149 3186 2378 3254 faeere,
2407 3182 2570 3265 quod
2591 3182 2710 3243 iam

243 3290 346 3342 tua
388 3295 599 3363 sponte
647 3285 907 3347 faciebas
922 3285 982 3344 ?'’
1026 3320 1107 3329 —
1152 3283 1390 3347 Suadeo
1441 3285 1552 3345 tibi
1587 3294 1658 3344 ut
1694 3282 2117 3363 proficiscariS,
2160 3285 2244 3344 sic
2279 3282 2507 3360 inquit,
2550 3278 2710 3359 (nam

242 3397 398 3440 voco.
431 3380 566 3459 qaid
593 3389 675 3442 est
707 3381 890 3450 enim,
931 3382 1232 3441 rationem
1267 3382 1582 3441 continent
1617 3398 1857 3449 eorum,
1898 3397 2053 3459 quae
2090 3376 2501 3459 praecedunt),
2544 3374 2708 3454 quod

243 3476 392 3535 nihil
435 3487 527 3537 est
575 3479 738 3557 quod
779 3488 841 3537 te
883 3479 948 3537 in
981 3477 1097 3537 hac
1140 3478 1290 3538 urbe
1328 3478 1628 3537 delectare
1673 3476 1877 3555 possit.
1961 3473 2293 3535 Probabilis
2326 3492 2468 3534 sane
2504 3490 2706 3541 causa,

241 3591 418 3651 quam
474 3576 726 3654 primam
776 3577 1000 3637 amicus
1058 3576 1219 3635 dicat
1275 3576 1494 3643 amieo:
1559 3573 1817 3633 absurda
1875 3589 2019 3633 vero
2062 3571 2111 3630 si
2156 3591 2187 3631 a
2230 3571 2473 3631 consule
2515 3572 2707 3649 prima

241 3672 586 3737 nominetur
628 3673 716 3741 ei,
771 3672 874 3753 qui
918 3672 1162 3741 urbem,
1205 3670 1470 3740 Italiam,
1514 3688 1721 3730 omnes
1762 3671 1924 3731 cives
1964 3668 2220 3748 perdere
2256 3666 2524 3727 studeat!
2603 3664 2703 3724 Se-

241 3775 510 3843 quuntur
551 3768 770 3838 multa,
820 3768 1039 3848 quibus
1083 3768 1386 3829 indicatur
1429 3766 1745 3826 Catilinam
1786 3784 1916 3825 esse
1958 3764 2265 3823 hominem
2308 3779 2599 3841 nequam,
2636 3778 2703 3819 ae

241 3864 286 3921 si
325 3864 464 3923 inde
495 3875 853 3945 sequeretur
888 3864 1101 3925 urbem
1134 3864 1189 3923 ei
1227 3881 1359 3922 esse
1393 3860 1868 3939 relinquendam.
1934 3856 2124 3927 Quam
2159 3876 2304 3919 vero
2325 3865 2703 3936 exspectares

241 3970 574 4021 accuratam
616 3962 1051 4040 expositionem
1085 3960 1419 4019 facinorum
1455 3977 1486 4017 a
1525 3954 1779 4016 Catilina
1823 3963 2334 4035 perpetratorum,
2369 3972 2447 4014 ex
2480 3952 2702 4033 quibus

241 4074 446 4117 revera
497 4076 783 4137 apparere
837 4066 1034 4136 posset
1087 4074 1226 4117 eum
1276 4073 1406 4115 esse
1459 4062 1581 4112 tam
1629 4051 2033 4131 perniciosum
2087 4050 2424 4119 hominem,
2476 4049 2699 4109 frustra

240 4154 536 4232 requiras;
589 4155 787 4235 omnia
829 4154 1073 4213 confuse
1118 4152 1597 4233 profunduntur,
1640 4158 1703 4208 et
1746 4148 1851 4209 ubi
1896 4147 1970 4208 ad
2014 4157 2247 4209 certum
2296 4147 2523 4206 crimen
2563 4162 2697 4203 nar-

238 4249 489 4309 randum
532 4249 846 4309 devenisse
888 4249 1131 4309 videtur
1166 4249 1556 4314 declamator,
1600 4244 1801 4304 subito
1824 4244 2067 4323 legitur
2109 4242 2157 4323 ὃ
2193 4243 2298 4301 14:
2342 4238 2541 4318 »quod
2583 4256 2698 4317 ego

239 4346 650 4418 praetermitto
698 4355 761 4405 et
802 4345 973 4405 facile
1024 4345 1219 4423 patior
1260 4341 1479 4404 sileri.’'
1560 4338 1629 4399 In
1672 4358 1797 4418 cap.
1842 4339 1894 4397 7.
1936 4338 2085 4398 haec
2127 4336 2479 4416 praesertim
2520 4352 2697 4395 causa

241 4456 272 4495 a
312 4442 554 4501 consule
597 4442 844 4510 citatur,
887 4440 1049 4520 quod
1085 4458 1293 4499 omnes
1327 4440 1488 4499 cives
1523 4436 1839 4497 Catilinam
1872 4441 2175 4494 metuant:
2219 4450 2339 4513 quo
2374 4430 2522 4510 quid
2566 4446 2694 4488 esse
2778 4450 2793 4469 ·

237 4543 429 4610 potest
485 4537 768 4597 stultius?
853 4535 1096 4603 Omnes,
1137 4554 1288 4615 quos
1345 4533 1598 4613 perdere
1645 4531 1813 4608 cupis
1864 4538 1925 4589 te
1976 4538 2290 4599 metuunt;
2340 4535 2577 4607 gratum
2619 4524 2694 4584 iis

239 4628 478 4699 seceris,
520 4632 571 4692 si
612 4651 689 4692 ex
730 4632 878 4693 urbe
922 4632 1156 4692 exieriS.
1224 4630 1442 4691 Consul
1483 4629 1600 4689 hoc
1633 4626 1745 4687 tibi
1789 4626 2018 4687 suadet.
2088 4624 2245 4695 Quid
2282 4622 2444 4685 aliud
2478 4620 2591 4681 hae
2626 4638 2695 4679 re

237 4724 383 4789 effici
427 4738 660 4807 posset,
701 4746 880 4807 quam
923 4737 991 4788 ut
1034 4726 1288 4787 Catilina
1333 4725 1394 4785 in
1429 4724 1582 4786 urbe
1615 4722 1931 4785 maneret?
