3375 5500
2682 459 2754 502 ΣΙ

295 647 392 710 Μ.
451 646 762 712 Annaeus
826 645 1074 712 Seneca
1134 649 1319 731 pater
1385 648 1473 731 ⁴⁸)
1497 693 1519 724 ,
1575 651 1840 731 questus
1866 617 1969 712 ¹de
2015 650 2317 732 corrupta
2381 647 2755 732 eloquentia

295 789 464 852 quae
510 793 546 828 ιι
562 772 738 838 retro
764 785 834 831 se
860 763 1180 844 tulerat'';
1210 765 1322 848 qui
1351 787 1552 850 quum
1582 787 1661 832 eo
1687 772 1983 852 tempore
2010 765 2241 832 vixerit
2277 774 2355 836 ut
2372 769 2756 836 Ciceronem

293 885 523 953 audire
564 885 882 970 potuisset
927 885 1056 950 nisi
1102 885 1280 950 hunc
1327 887 1388 952 ei
1442 886 1761 954 bellorum
1822 886 2110 953 civilium
2153 888 2337 953 furor
2377 887 2753 974 eripuisset,

294 1005 554 1084 scribit,
623 1032 659 1066 ιι
680 1006 815 1072 fere
880 1011 998 1073 aut
1053 1005 1220 1071 nulli
1270 1007 1719 1073 commentarii
1768 1007 2197 1074 maximorum
2247 1007 2754 1076 declamatorum

295 1130 592 1203 exstant,
633 1131 776 1204 aut,
819 1124 994 1210 quod
1019 1125 1204 1212 peius
1242 1131 1340 1193 est
1355 1173 1376 1205 ‚
1417 1125 1629 1192 falsi.''
1724 1126 1941 1193 Immo
1965 1149 2044 1194 eo
2072 1126 2516 1213 impudentiae
2534 1147 2756 1213 perve-

295 1251 540 1312 nerunt
581 1251 657 1312 ut
672 1293 694 1324 ,
743 1266 947 1331 quum
1014 1251 1346 1312 constaret
1391 1247 1468 1312 P.
1527 1247 1888 1333 Sulpicium
1935 1248 2184 1314 Rufum
2232 1248 2445 1317 dicere
2487 1249 2757 1315 solitum

297 1387 439 1432 esse
484 1387 556 1432 se
602 1364 880 1432 scribere
927 1385 1140 1450 neque
1183 1387 1528 1432 consuesse
1570 1387 1783 1450 neque
1820 1389 2042 1452 posse,
2080 1366 2257 1453 quod
2286 1391 2367 1434 ex
2409 1389 2489 1436 eo
2527 1369 2757 1434 Cicero

297 1485 586 1562 audivit,
637 1507 916 1570 cumque
982 1486 1166 1552 nulla
1222 1485 1426 1572 ipsius
1493 1493 1662 1553 esset
1718 1487 1961 1566 orati0,
2020 1493 2241 1555 tamen
2300 1487 2441 1554 eius
2489 1489 2757 1556 nomine

299 1607 627 1672 orationes
679 1606 1004 1673 ferrentur
1068 1609 1158 1692 ⁴⁰)
1171 1655 1186 1670 .
1278 1607 1516 1690 Neque
1575 1607 1682 1672 hic
1743 1606 2391 1693 praetermittendum
2438 1614 2536 1676 est
2580 1608 2758 1694 quod

296 1725 472 1792 inter
506 1725 829 1792 orationes
878 1726 1192 1811 quasdam
1240 1747 1280 1790 a
1327 1727 1603 1793 Caesare
1643 1728 1901 1794 relictas
1949 1733 2196 1793 temere
2252 1727 2567 1810 quaedam
2630 1729 2759 1796 fer-

295 1853 553 1924 rentur,
603 1850 680 1909 ut
717 1866 836 1930 pro
886 1846 970 1910 Q.
1008 1845 1318 1922 Metello,
1365 1865 1561 1929 quam
1603 1868 1741 1912 non
1789 1847 2120 1914 immerito
2156 1846 2491 1931 Augustus
2538 1847 2759 1914 existi-

297 1964 506 2030 mavit
575 1963 780 2048 magis
829 1963 913 2030 ab
977 1964 1284 2030 actuariis
1342 1972 1674 2050 exceptam
1740 1966 1911 2032 male
1976 1965 2521 2051 subsequentibus
2564 1966 2761 2032 verba

299 2082 578 2149 dicentis
628 2085 715 2168 ⁶⁰)
736 2130 757 2161 ,
807 2105 1001 2167 quam
1041 2083 1126 2149 ab
1173 2084 1316 2168 ipso
1357 2083 1620 2151 editam.
1709 2085 1929 2151 Maior
1976 2085 2175 2152 etiam
2222 2087 2398 2152 fraus
2442 2087 2613 2152 facta
2661 2093 2761 2152 est

295 2204 370 2268 in
403 2203 700 2270 oratione
735 2225 932 2288 quam
964 2204 1136 2290 apud
1170 2205 1411 2272 milites
1447 2204 1518 2270 in
1556 2205 1879 2290 Hispania
1912 2205 2215 2273 habuisse
2250 2207 2456 2272 fertur
2488 2207 2759 2284 Caesar,

299 2344 496 2408 quam
552 2324 912 2390 orationem
959 2325 1064 2390 vix
1129 2325 1332 2410 ipsius
1390 2345 1532 2392 esse
1576 2325 1851 2410 putabat
1901 2326 2239 2410 Augustus
2253 2373 2275 2405 ‚
2319 2347 2487 2411 quae
2534 2330 2757 2392 tamen

301 2442 541 2528 duplex
590 2444 950 2522 ferebatur,
993 2465 1128 2510 una
1181 2443 1367 2528 quasi
1415 2444 1629 2530 priore
1672 2445 1899 2512 habita
1950 2447 2199 2532 proelio
2222 2494 2243 2526 ,
2302 2447 2507 2513 altera
2546 2453 2762 2533 poste-

303 2565 474 2630 riore
487 2612 506 2643 ‚
552 2586 683 2650 quo
727 2565 995 2630 Asinius
1042 2564 1258 2631 Pollio
1287 2585 1374 2656 ne
1400 2571 1656 2652 tempus
1701 2566 1963 2651 quidem
1993 2565 2423 2634 concionandi
2460 2566 2763 2632 habuisse

311 2703 460 2748 eum
502 2683 698 2764 dicit,
742 2684 959 2753 subita
1001 2686 1290 2753 hostium
1333 2685 1706 2752 incursione
1751 2690 1869 2773 ⁵¹).
2766 2764 2774 2773 η

401 2808 626 2874 Quum
655 2820 822 2874 'vero
872 2807 1264 2893 bibliopolae
1305 2828 1441 2872 non
1482 2806 1697 2872 solum
1734 2808 1983 2874 Romae
1997 2855 2020 2886 ,
2066 2806 2182 2874 sed
2222 2806 2421 2875 etiam
2462 2805 2536 2871 in
2563 2805 2761 2872 Italia

309 2932 376 2991 et
419 2927 490 2990 in
541 2926 888 3012 provinciis
948 2926 1436 3010 negotiarentur
1476 2928 1566 3010 ⁵2)
1586 2972 1607 3003 ,
1664 2926 1923 2993 fraudes
1978 2948 2137 3011 quas
2176 2927 2429 2993 Romae
2462 2926 2764 3011 usurpari

307 3046 532 3113 solitas
557 3046 760 3113 fuisse
787 3045 1368 3113 demonstravimus
1381 3093 1402 3125 ‚
1427 3045 1522 3111 ibi
1559 3046 1769 3113 multo
1803 3046 2021 3132 plures
2046 3046 2247 3113 fuisse
2282 3068 2418 3113 non
2452 3051 2553 3113 est
2584 3045 2761 3131 quod

309 3167 714 3246 dubitemus3
772 3166 948 3233 unde
997 3167 1272 3233 fortasse
1315 3164 1695 3252 explicanda
1754 3172 1856 3231 est
1906 3164 2169 3231 inscitia
2214 3185 2435 3232 rerum
2486 3165 2765 3233 urbana-

297 3402 464 3461 scioli,
497 3401 586 3471 qui
619 3402 880 3453 confirmet
913 3400 1101 3453 factum
1127 3415 1236 3453 esse
1268 3401 1404 3467 quod
1435 3401 1808 3466 praedicaverat
1836 3400 1899 3453 C.
1927 3401 2184 3462 Fannius,
2218 3415 2427 3464 nempe:
2464 3422 2490 3445 u
2506 3400 2550 3451 si
2581 3398 2779 3451 Latinis

301 3486 552 3537 civitatem
587 3486 850 3549 dederitis,
884 3488 1033 3537 credo
1059 3486 1352 3537 existimatis
1378 3500 1466 3535 vos
1492 3486 1562 3535 ita
1579 3483 1902 3534 constituisse.-
1938 3485 1993 3540 in
2023 3486 2263 3536 concione
2291 3485 2549 3535 habituros
2578 3482 2779 3533 locum”

301 3577 414 3621 cett.
489 3571 573 3621 Ex
616 3572 763 3622 tertio
797 3572 1106 3636 fragmento,
1142 3570 1278 3636 quod
1310 3570 1445 3635 apud
1476 3569 1763 3621 Charisium
1798 3576 1899 3630 est,
1934 3576 2139 3635 apparet
2172 3568 2431 3621 Fannium
2465 3569 2518 3619 in
2557 3569 2779 3633 genitivo

301 3668 560 3721 usurpasse
592 3652 820 3707 Senatuie
862 3654 1102 3707 Consulto.

368 3738 433 3807 4⁸)
469 3743 534 3794 In
569 3742 723 3807 praef.
759 3741 996 3794 Controv.

367 3821 431 3891 4⁹)
465 3826 570 3877 cic.
606 3828 753 3877 Brut.
791 3830 876 3877 56.
910 3827 936 3892 ς
974 3829 1091 3876 205.

369 3907 432 3975 ⁵⁰)
464 3907 550 3962 E'x
593 3896 691 3963 hoc
732 3912 844 3963 loco
885 3918 1022 3963 recte
1062 3908 1382 3974 explicantur
1421 3906 1547 3958 haec
1591 3908 1747 3958 verba
1792 3906 2005 3957 Asconii
2048 3908 2113 3957 de
2142 3906 2367 3958 oratione
2398 3904 2654 3959 Ciceronis
2688 3920 2779 3971 pro

305 3994 500 4048 Milone
543 3997 702 4059 dicta,
751 4013 854 4049 non
903 3998 1057 4049 edita:
1120 4017 1144 4039 n
1159 4000 1332 4044 manet
1375 4000 1546 4044 autem
1590 3992 1682 4043 illa
1724 4004 1923 4057 quoque
1956 3995 2169 4057 'excepta
2210 3991 2317 4044 eius
2358 3991 2517 4042 oratio
2526 3992 2561 4015 '⁹
2605 4006 2655 4057 p.
2694 3995 2778 4042 42.

307 4078 459 4132 Orell.
526 4082 664 4133 Nam
695 4083 950 4133 Romanos
995 4082 1180 4131 multos
1223 4078 1476 4129 celeritate
1519 4080 1768 4131 scribendi
1801 4079 2039 4132 facillime
2072 4092 2202 4143 quae
2235 4078 2519 4130 dicerentur
2552 4077 2780 4141 persequi

305 4166 516 4227 potuisse
547 4174 752 4233 apparet
787 4182 855 4218 ex
881 4168 986 4219 Cic.
1016 4164 1157 4218 Orat.
1195 4180 1243 4229 p.
1275 4163 1435 4215 Sulla.
1471 4169 1548 4217 14.
1577 4166 1604 4231 §
1634 4171 1717 4217 42.
1787 4166 1945 4217 Plura
1977 4167 2041 4217 de
2074 4165 2165 4215 illa
2197 4176 2254 4215 re
2287 4163 2493 4227 collegit
2526 4176 2575 4213 v.
2609 4161 2779 4213 Asson

306 4250 398 4300 Vir
428 4252 566 4304 Clar.
600 4254 653 4303 in
687 4253 848 4303 diario
881 4250 940 4301 de
979 4248 1130 4312 Gula,
1164 4246 1226 4300 ai.
1269 4253 1416 4299 1843.

371 4330 430 4401 ⁵¹)
465 4336 608 4388 Suet.
642 4336 785 4388 Caes.
825 4340 908 4386 55.

370 4416 431 4487 ⁵²)
466 4422 604 4472 Plin.
650 4423 747 4487 Ep.
794 4421 894 4471 IX.
948 4426 1026 4469 11.
1099 4442 1122 4463 ιι
1138 4418 1448 4483 Bibliopolas
1474 4419 1714 4483 Lugduni
1748 4432 1854 4470 esse
1886 4433 1991 4469 non
2026 4416 2289 4482 putabam:
2336 4429 2397 4464 ac
2429 4418 2571 4463 tanto
2609 4411 2779 4463 luben-

307 4503 398 4555 tius
441 4522 508 4557 ex
541 4506 720 4557 litteris
749 4508 848 4557 tuis
880 4506 1096 4569 cognovi
1127 4504 1374 4555 venditari
1406 4503 1604 4555 libellos
1631 4518 1797 4564 meos,
1845 4503 2026 4567 quibus
2058 4514 2267 4566 peregre
2298 4512 2507 4551 manere
2540 4498 2779 4563 gratiam,

306 4600 452 4651 quam
486 4591 540 4641 in
574 4591 698 4641 urbe
730 4590 1025 4654 collegerint
1055 4588 1326 4639 delectui-:⁹

371 4671 502 4725 Gell.
537 4674 637 4725 IX.
669 4680 717 4725 4.
752 4676 945 4736 scribit,
979 4688 1034 4726 se
1062 4674 1240 4725 emisse
1268 4673 1543 4725 Brundusii
1576 4673 1732 4724 fasces
1766 4672 2010 4728 librorum
2036 4671 2291 4729 venalium
2326 4668 2577 4736 expositos
2624 4674 2781 4735 pauco

307 4769 415 4812 aere
449 4774 622 4814 omnes
655 4758 897 4825 Graecos,
933 4759 1288 4813 miraculorum
1324 4758 1707 4825 fabularumque
1741 4756 1934 4825 plenos.
