3375 5500
643 448 686 488 X

637 654 814 700 nunc
853 653 1003 698 cum
1040 629 1320 696 maxime
1360 628 1634 695 conficio
1673 625 2045 694 orationes'’
2084 626 2201 715 ⁴³).
2296 623 2380 694 In
2428 626 2613 693 nullo
2654 626 2827 694 enim
2866 649 3105 712 genere

637 753 1022 838 scriptorum
1070 748 1314 815 falsarii
1358 749 1563 833 magis
1619 746 2037 813 versabantur
2054 795 2073 825 ,
2127 769 2323 831 quam
2377 747 2448 810 in
2500 747 2901 814 orationibus
2950 748 3104 814 sub-

633 872 950 939 iiciendis.
1045 874 1266 936 Scatet
1309 868 1509 953 igitur
1557 866 1833 934 historia
1866 867 2271 933 litteraturae
2316 867 2759 934 Romanorum
2799 868 3103 934 huiusce-

638 991 817 1058 modi
835 991 1144 1076 exemplis
1145 1039 1168 1070 ,
1187 1011 1266 1057 ex
1286 989 1521 1075 quibus
1538 1009 1748 1054 unum
1764 988 2171 1073 alterumque
2188 986 2548 1055 adscribere
2569 1010 2799 1073 operae
2821 989 3105 1074 pretium

635 1111 910 1179 videtur.
999 1111 1225 1177 Quum
1269 1109 1445 1178 enim
1492 1109 1703 1176 multa
1753 1108 1824 1173 in
1879 1108 1956 1172 P.
2009 1107 2331 1192 Scipionis
2378 1108 2671 1176 Africani
2736 1109 3103 1195 Superioris

637 1232 818 1300 exitu
865 1231 1146 1296 maxime
1186 1228 1364 1296 vitae
1407 1229 1477 1293 in
1519 1228 1771 1296 diversa
1808 1228 2251 1305 traherentur,
2295 1249 2417 1294 nec
2458 1229 2833 1296 conveniret
2868 1229 2951 1296 de
2992 1251 3101 1296 ac-

637 1356 935 1419 cusatore
982 1370 1196 1433 neque
1239 1348 1320 1414 de
1356 1353 1648 1434 tempore
1680 1369 1813 1431 quo
1842 1345 2017 1412 dicta
2053 1345 2192 1414 dies
2228 1353 2433 1425 esset,
2480 1347 2561 1416 de
2594 1349 2888 1435 sepulcro
2922 1348 3102 1414 aliis·

637 1495 764 1560 que
796 1472 972 1538 inter
1009 1467 1351 1554 scriptores
1389 1487 1606 1534 rerum
1634 1465 1837 1532 etiam
1882 1465 2204 1532 discordia
2246 1473 2417 1534 eratz
2464 1469 2793 1536 orationes
2838 1491 3103 1554 quoque

635 1594 730 1659 ait
757 1590 986 1658 Livius
1021 1591 1112 1674 Η)
1131 1634 1153 1667 ,
1209 1589 1265 1652 ³2·
1311 1587 1486 1652 modo
1527 1588 1800 1671 ipsorum
1832 1591 1973 1651 sunt
2018 1605 2175 1671 quae
2202 1585 2509 1682 feruntur
2553 1588 2628 1652 P.
2662 1589 2984 1674 Scipionis
3032 1595 3103 1656 et

634 1713 732 1779 Ti.
765 1710 1080 1790 Gracchi,
1117 1708 1466 1777 abhorrent
1503 1708 1676 1776 inter
1719 1727 1809 1776 se.
1900 1707 2106 1774 Index
2144 1706 2455 1774 orationis
2498 1708 2575 1772 P.
2610 1708 2932 1795 Scipionis
2976 1731 3101 1774 no-

631 1855 787 1900 men
819 1833 918 1898 M.
953 1829 1192 1896 Naevii
1228 1829 1379 1896 trib.
1414 1828 1502 1915 pl.
1548 1828 1747 1895 habet
1762 1874 1783 1906 ‚
1828 1827 2039 1894 oratio
2080 1832 2181 1894 est
2212 1828 2354 1894 sine
2384 1828 2649 1895 nomine
2684 1829 3098 1895 accusatoris.

634 1953 825 2019 Quae
871 1971 976 2016 res
1034 1949 1234 2016 Gellii
1281 1951 1374 2034 ⁴⁵)
1445 1953 1660 2015 aetate
1710 1947 2006 2013 nondum
2062 1953 2202 2015 erat
2258 1948 2555 2016 confecta
2568 1995 2591 2026 ,
2648 1971 2850 2036 quum
2900 1949 3101 2016 etiam

635 2077 778 2135 tum
813 2068 1091 2136 ferretur
1131 2067 1342 2134 oratio
1379 2087 1546 2153 quae
1578 2066 1906 2135 videretur
1935 2066 2160 2133 habita
2198 2089 2277 2134 eo
2310 2067 2417 2134 die
2448 2091 2491 2133 a
2524 2069 2864 2156 Scipione,
2904 2091 3102 2155 qnam

639 2189 892 2261 Gellius
935 2196 1158 2258 tamen
1203 2187 1496 2274 Scipioni
1537 2209 1672 2255 non
1716 2185 2001 2253 vindicat
2010 2233 2032 2266 ,
2082 2193 2337 2273 praeter
2382 2209 2591 2254 unum
2637 2188 2884 2256 dictum
2923 2190 3099 2276 quod

637 2309 929 2394 Scipioni
983 2330 1209 2376 omnes
1272 2308 1664 2376 tribuebant.
1772 2307 2001 2375 Oratio
2054 2309 2131 2373 C.
2196 2308 2471 2387 Fannii,
2532 2331 2698 2395 quae
2770 2311 3101 2378 ferebatur

637 2430 718 2496 de
763 2429 956 2496 sociis
991 2434 1058 2496 et
1103 2429 1371 2502 nomine
1413 2428 1656 2494 Latino
1670 2476 1693 2506 ,
1738 2450 1935 2511 quam
1970 2428 2201 2494 consul
2246 2428 2479 2498 habuit
2518 2436 2749 2498 contra
2788 2432 2863 2496 C.
2898 2433 3097 2498 Grac-

635 2549 834 2616 chum
865 2548 949 2638 (a.
977 2569 1044 2614 u.
1072 2570 1129 2616 c.
1159 2550 1318 2634 632)
1336 2594 1358 2627 ,
1383 2547 1767 2616 credebatur
1800 2569 1841 2614 a
1878 2550 1953 2614 C.
1975 2549 2200 2616 Persio
2228 2549 2467 2634 scripta
2502 2550 2737 2630 fnisse,
2770 2551 2873 2617 vel
2900 2551 3101 2618 etiam

634 2669 829 2738 multi
873 2668 1124 2738 nobiles
1170 2668 1551 2736 dicebantur
1596 2667 1772 2755 quod
1820 2667 2095 2754 quisque
2142 2669 2461 2754 potuisset
2513 2669 2586 2734 in
2629 2670 2809 2736 illam
2854 2671 3097 2737 oratio-

635 2811 790 2856 nem
838 2789 1190 2855 contulisse
1221 2794 1339 2874 40).
1430 2788 1541 2855 Ita
1585 2794 1762 2855 certe
1810 2788 2037 2855 Cicero
2082 2789 2331 2857 audivit
2380 2812 2459 2859 ex
2496 2789 2847 2859 maioribus
2892 2796 3054 2857 natu
3076 2839 3097 2869 ‚

637 2930 802 2993 quos
825 2930 972 2977 eam
999 2928 1136 2975 rem
1165 2908 1398 2975 melius
1423 2910 1713 2976 tenuisse
1742 2932 1939 2995 quam
1965 2909 2347 2977 Ciceronem
2376 2910 2725 2977 admodum
2754 2911 3103 2981 verisimile

635 3035 769 3108 est,
813 3051 1019 3114 quum
1057 3030 1256 3096 etiam
1289 3035 1704 3115 argumenta,
1734 3050 1901 3115 quae
1936 3052 1979 3096 a
2015 3030 2233 3096 Tullio
2271 3029 2630 3097 afferuntur
2660 3037 2887 3097 contra
2918 3010 3113 3097 illam*

637 3150 1030 3217 sententiam
1043 3198 1066 3229 ,
1100 3149 1286 3217 valde
1321 3150 1516 3217 exilia
1553 3149 1687 3217 sint
1718 3153 1833 3236 ⁴⁷).
1923 3149 2182 3217 Quibus
2218 3148 2513 3217 addenda
2547 3157 2701 3225 sunt
2732 3170 2901 3236 quae
2940 3150 3104 3217 dicit

696 3470 762 3537 4³)
797 3472 902 3524 cic.
937 3471 1066 3524 Cato
1098 3473 1175 3524 M.
1219 3480 1296 3524 11.
1333 3473 1359 3539 5
1393 3476 1478 3523 38.

697 3555 762 3624 ⁴4)
795 3558 911 3609 Liv.
948 3557 1272 3611 XXXVIII.
1309 3561 1393 3607 56.

696 3640 761 3709 ⁴⁵)
795 3641 929 3693 Gell.
965 3642 1032 3693 N.
1069 3642 1138 3692 A.
1175 3643 1276 3693 IV.
1318 3644 1396 3690 18.

697 3723 762 3790 4⁶)
796 3725 902 3777 Cic.
937 3726 1084 3776 Brut.
1125 3728 1207 3775 26.
1243 3723 1272 3789 ᾗ
1307 3728 1390 3773 99.

698 3808 762 3877 4⁷)
797 3814 1010 3866 Servata
1041 3818 1159 3863 sunt
1193 3824 1261 3860 ex
1294 3824 1356 3859 ea
1382 3807 1608 3858 oratione
1637 3806 1734 3857 tria
1761 3806 2056 3870 fragmenta.
2126 3808 2205 3860 Cf.
2246 3809 2440 3875 Meyer.
2482 3810 2662 3876 fragm.
2696 3810 2858 3863 Oratt.
2894 3811 3108 3863 Roman.

630 3912 680 3963 p.
719 3901 844 3957 199,
877 3913 986 3963 sqq.
1021 3899 1100 3949 ed.
1137 3901 1246 3954 2³⁸,
1272 3896 1492 3959 primum
1523 3892 1659 3957 apud
1692 3891 1795 3944 Cic.
1832 3893 1894 3943 de
1930 3892 2070 3945 Orat.
2098 3894 2201 3947 111.
2240 3897 2323 3945 47.
2358 3896 2385 3960 5
2429 3900 2541 3947 183.
2612 3892 2677 3945 Si
2708 3894 2930 3953 Quirites
2957 3894 3112 3947 minas

630 3977 791 4041 illinis,
837 3993 906 4043 ex
949 3995 1052 4046 quo
1096 3985 1302 4045 apparet
1347 3978 1601 4027 Romanos
1633 3975 1690 4025 in
1724 3975 1947 4039 genitivo
1978 3974 2112 4027 illius
2144 3976 2249 4030 non
2282 3980 2443 4031 solere
2479 3980 2669 4033 violare
2702 3994 2819 4033 eam
2850 3982 3080 4047 regulam
3096 4017 3112 4041 ,

629 4080 736 4131 qua
767 4064 954 4115 vocalis
987 4069 1107 4115 ante
1140 4062 1367 4113 vocalem
1399 4060 1581 4125 corripi
1613 4060 1851 4111 docemur
1862 4096 1878 4121 ,
1920 4068 1977 4112 ut
2008 4064 2322 4125 grammatici
2353 4070 2527 4128 postea
2560 4066 2921 4130 perhibuerunt
2930 4087 2947 4126 ς
2994 4065 3116 4115 alte-

631 4165 748 4201 rum
779 4150 915 4215 apud
947 4148 1047 4200 Iul.
1083 4148 1341 4199 Victorem
1373 4160 1423 4211 p.
1463 4148 1580 4195 224.
1615 4142 1777 4197 Orell.
1850 4167 1873 4189 ιι
1888 4144 1947 4197 Si
1979 4146 2176 4197 Latinis
2208 4149 2460 4201 civitatem
2492 4150 2754 4213 dederitis,
2798 4150 2947 4201 credo
2984 4149 3113 4201 exis-

633 4236 818 4287 timatis
860 4249 949 4287 vos
991 4234 1064 4287 ita
1107 4239 1166 4283 ut
1211 4246 1345 4283 nunc
1389 4230 1666 4283 constitisse
1679 4250 1693 4279 ε
1740 4230 1795 4281 in
1839 4233 2071 4285 contione
2116 4233 2371 4285 habituros
2403 4235 2571 4287 locum
2604 4242 2693 4287 aut
2725 4236 2855 4287 ludis
2888 4242 2940 4287 et
2977 4234 3114 4287 festis

631 4320 808 4371 diebus
849 4319 1192 4374 interfuturos.
1255 4317 1444 4371 Nonne
1487 4315 1603 4367 illos
1643 4316 1818 4367 omnia
1860 4326 2181 4385 occupaturos
2224 4319 2445 4384 putatis?
2458 4322 2492 4345 '⁹
2541 4320 2595 4371 in
2638 4320 2820 4386 quibus
2852 4316 3117 4369 constitisse

631 4411 924 4471 corruptum
980 4406 1177 4457 videtur
1224 4402 1418 4457 Orellio
1477 4401 1793 4454 conficienti:
1869 4400 2204 4453 accusatum
2248 4406 2370 4454 est?⁹
2438 4404 2663 4469 Spengel
2720 4404 2775 4454 in
2814 4403 2960 4455 Actis
2996 4402 3115 4455 Soc.

631 4490 856 4545 Graecae
889 4498 928 4543 t.
968 4498 1012 4542 1.
1047 4506 1097 4556 p.
1133 4492 1221 4541 37.
1255 4495 1310 4538 ut
1337 4502 1458 4537 nunc
1503 4483 1784 4550 consuestis,
1818 4486 2057 4538 Duebner
2087 4494 2141 4537 ut
2172 4504 2295 4538 nunc
2332 4485 2644 4549 constituitis,
2680 4488 2763 4539 vel
2790 4485 3114 4537 constituistis.

642 4576 784 4639 Quas
817 4578 1126 4628 coniecturas
1158 4573 1388 4625 refellere
1415 4587 1540 4637 opus
1557 4587 1661 4624 non
1690 4580 1789 4633 est,
1817 4588 1976 4638 quum
2011 4572 2065 4621 in
2082 4580 2280 4637 promtu
2310 4573 2623 4637 singularum
2640 4572 2819 4624 vitium
2838 4579 2913 4622 est
2920 4593 2935 4633 3
2966 4586 3087 4623 nam
3100 4608 3115 4630 ,

636 4669 768 4725 quae
795 4660 1247 4719 constituebantur,
1275 4673 1377 4708 non
1407 4657 1672 4718 Romanis,
1704 4664 1760 4707 ut
1787 4657 1847 4707 iis
1864 4658 1983 4709 viris
2008 4659 2165 4709 doctis
2194 4660 2417 4721 videtur,
2445 4660 2533 4710 sed
2551 4658 2749 4709 Latinis
2777 4657 2869 4708 illa
2894 4658 3009 4723 lege
3034 4656 3117 4705 da·

636 4746 844 4799 bantur:
891 4744 1134 4800 vocabula
1179 4750 1230 4793 ut
1277 4757 1422 4805 nunc,
1466 4758 1623 4809 quum
1665 4742 1837 4797 rhetor
1883 4750 2000 4809 agat
2046 4744 2142 4798 hac
2175 4744 2201 4809 §
2239 4766 2261 4790 n
2277 4744 2337 4794 ab
2385 4751 2547 4795 eventu
2582 4742 2632 4792 in
2667 4740 2965 4795 coniecturcr’
3000 4746 3117 4795 sunt
