3375 5500
552 415 762 460 xxvlu

549 601 952 684 ridendaque
969 643 990 675 ,
1060 595 1265 680 magis
1337 592 1659 660 Orellium
1677 639 1699 669 ‚
1772 611 1967 676 quam
2042 593 2179 659 eius
2254 594 2630 681 opinionem
2689 596 2769 663 de
2823 595 3027 663 tribus

553 720 957 789 orationibus
1008 713 1474 802 posterioribus
1509 712 1859 799 prostravit
1907 711 2214 796 Madvig3
2260 736 2413 779 nam
2458 715 2555 793 si,
2604 737 2773 800 quae
2814 716 3031 799 posuit

552 840 757 905 Orelli
801 839 883 904 de
926 835 1180 902 ratione
1225 855 1356 918 qua
1403 833 1517 897 illa
1557 831 1752 898 verba
1796 831 1869 894 in
1920 836 2175 896 textum
2210 832 2626 918 irrepserint,
2654 834 2818 898 falsa
2846 841 3029 911 sunt,

552 957 882 1024 idcircone
945 955 1169 1022 statim
1229 953 1354 1019 tibi
1401 974 1503 1018 res
1553 952 1694 1036 ipsa
1750 949 2243 1016 condemnanda
2292 974 2432 1018 esse
2480 953 2781 1018 videtur?
2876 952 2946 1016 Si
2996 975 3033 1016 a

554 1077 794 1142 Tirone
848 1097 986 1141 non
1042 1048 1197 1138 sunt
1262 1071 1635 1156 suppositae
1700 1090 1815 1135 eae
1870 1069 2197 1135 orationes
2252 1077 2317 1136 et
2372 1071 2553 1136 locus
2602 1072 2675 1134 in
2726 1071 3031 1156 epistola,

555 1195 708 1261 inde
767 1195 901 1259 iam
965 1192 1112 1258 luce
1179 1190 1414 1255 clarius
1485 1194 1751 1274 apparet
1825 1186 1907 1252 ab
1976 1187 2119 1272 ipso
2184 1190 2403 1254 Tullio
2472 1212 2549 1256 ea
2608 1191 2829 1255 omnia
2896 1211 3034 1256 esse

557 1313 840 1400 scripta?
931 1312 1064 1375 Vix
1104 1309 1298 1376 credo
1346 1329 1740 1394 quemquam
1782 1307 2063 1372 inveniri
2080 1353 2101 1385 ,
2150 1308 2263 1392 qui
2315 1309 2474 1374 haec
2522 1331 2600 1375 ex
2645 1310 2847 1374 animi
2890 1331 3036 1375 sen-

555 1433 766 1500 tentia
803 1429 1196 1498 contendere
1243 1429 1418 1495 velit.
1509 1428 1600 1492 Et
1647 1426 1750 1492 vel
1794 1426 1889 1490 sic
1934 1430 2158 1491 tamen
2202 1427 2539 1512 Madvigio
2586 1451 2690 1496 res
2740 1431 3036 1496 confecta

557 1552 897 1620 videbatur
917 1598 938 1630 ,
1003 1572 1203 1635 quum
1255 1548 1677 1614 Tironianam
1722 1543 2011 1610 fabulam
2062 1571 2097 1605 n
2120 1545 2263 1612 sine
2308 1569 2437 1631 qua
2476 1553 2699 1614 tamen
2749 1569 2852 1614 res
2902 1571 3038 1614 non
3136 1597 3141 1602 .

557 1671 852 1760 procedit
867 1718 888 1750 ,
937 1667 1361 1736 dimitteret.”
1427 1664 1955 1733 Obversabantur
1996 1664 2200 1743 mihi,
2235 1688 2438 1750 quum
2465 1665 2784 1750 Madvigii
2814 1667 3038 1733 defen-

561 1792 814 1859 sionem
861 1791 1176 1876 legerem,
1224 1789 1386 1855 haec
1439 1785 1772 1852 Ciceronis
1822 1784 2020 1854 verba
2066 1805 2146 1850 ex
2188 1784 2483 1851 oratione
2515 1808 2631 1872 pro
2680 1786 3036 1852 Quinctio:

565 1937 598 1972 n
620 1912 919 1977 homines
946 1907 1198 1974 nobiles
1233 1927 1350 1971 seu
1395 1911 1570 1970 recte
1605 1925 1721 1969 seu
1748 1923 2083 1987 perperam
2116 1903 2329 1969 facere
2362 1911 2719 1990 coeperunt
2744 1905 2816 1968 in
2856 1912 3038 1974 utro-

568 2051 695 2115 que
761 2024 1157 2093 excellunt.''
1229 2025 1442 2087 -Nam
1511 2043 1644 2105 quo
1720 2025 2106 2105 argumento
2163 2020 2325 2086 haec
2400 2023 2622 2107 opinio
2678 2023 2911 2090 nititur
2959 2025 3037 2089 de

459 2198 464 2208 1
562 2146 802 2212 Tirone
867 2144 1287 2231 epistolarum
1345 2140 1678 2207 Ciceronis
1725 2139 1809 2205 ad
1851 2139 2149 2206 Atticum
2206 2139 2502 2207 editore?
2592 2143 2875 2208 Nullum
2932 2144 3037 2207 fir-

561 2287 744 2331 mum
778 2263 1004 2342 video,
1047 2270 1114 2330 et
1153 2281 1410 2328 summo
1447 2260 1591 2328 iure
1627 2282 1666 2324 a
1701 2237 2041 2324 Tunstallo
2070 2257 2231 2324 fides
2259 2259 2417 2324 huic
2442 2261 2807 2328 sententiae
2844 2261 3038 2328 dene-

567 2391 716 2469 gata
783 2388 882 2448 est
931 2394 950 2433 ¹
967 2385 1080 2466 ³⁵).
1183 2380 1496 2466 Vulgaris
1558 2379 1885 2465 opinionis
1904 2425 1926 2456 ,
1992 2378 2303 2445 Tironem
2350 2379 2684 2446 Ciceronis
2734 2381 3039 2465 epistolas

567 2500 881 2578 edidisse,
958 2499 1066 2588 (de
1129 2498 1272 2563 aliis
1329 2497 1449 2586 ¹³⁶)
1503 2498 1677 2564 enim
1728 2497 2170 2563 monumentis
2226 2497 2515 2564 Tulliani
2569 2499 2815 2583 ingenii
2860 2523 3041 2566 nunc

565 2625 702 2688 non
747 2619 938 2709 ago),
987 2620 1148 2685 haec
1193 2619 1572 2685 testimonia
1621 2617 1975 2683 laudantur
2010 2615 2157 2706 ²⁸⁷).

660 2743 722 2807 1.
797 2742 1101 2807 Mearum
1171 2739 1591 2826 epistolarum
1651 2739 1837 2805 nulla
1900 2743 1999 2806 est
2040 2739 2424 2819 συναγωγή,
2480 2736 2594 2805 sed
2638 2737 2835 2804 habet
2881 2738 3040 2805 Tiro

566 2865 774 2929 instar
815 2862 1262 2949 septuaginta:
1313 2867 1381 2927 et
1421 2860 1705 2946 quidem·
1734 2863 1892 2926 sunt
1940 2880 1979 2924 a
2024 2864 2093 2925 te
2137 2858 2458 2942 quaedam
2504 2856 2855 2924 sumendae
2863 2882 2882 2936 3
2932 2878 3045 2924 eas

526 2982 529 2985 ’
571 3005 692 3069 ego
743 2974 1000 3069 oportet
1045 2979 1428 3069 perspiciam
1449 3027 1470 3059 ‚
1513 2980 1831 3065 corrigam
1850 3026 1872 3057 ,
1917 2985 2062 3045 tum
2106 2976 2388 3061 denique
2434 2976 2709 3043 edentur
2761 2980 2907 3061 ¹³⁸).

628 3234 713 3303 ι55)
750 3236 1002 3287 Tunstall.
1040 3236 1094 3286 in
1130 3236 1225 3299 Ep.
1262 3236 1298 3286 l.
1335 3251 1384 3301 p.
1427 3242 1507 3288 15.

627 3316 713 3387 1⁵⁶)
747 3320 946 3371 Dicitur
976 3319 1100 3369 Tiro
1129 3319 1282 3369 etiam
1311 3320 1522 3371 edidisse
1551 3320 1738 3371 librum
1764 3334 1867 3387 quo
1882 3320 2271 3372 continebantur
2288 3320 2420 3371 dicta
2435 3319 2662 3385 patroni:
2703 3341 2726 3363 u
2742 3316 3058 3384 Utinamque

561 3404 772 3456 libertus
819 3404 926 3454 eius
973 3403 1123 3465 Tiro,
1171 3409 1260 3453 aut
1307 3404 1436 3454 alius
1469 3404 1693 3470 quisquis
1727 3404 1848 3466 fuit,
1882 3394 1971 3469 qui
1998 3410 2099 3454 tres
2132 3404 2229 3454 hac
2262 3404 2326 3454 de
2362 3417 2419 3455 re
2454 3403 2608 3453 libros
2644 3402 2825 3464 edidit,
2859 3403 3057 3467 parcius

560 3488 808 3537 dictorum
843 3500 1055 3537 numero
1100 3487 1388 3539 indulsisset
1431 3495 1482 3539 et
1523 3488 1636 3554 plus
1683 3488 1857 3539 iudicii
1902 3487 1957 3537 in
1992 3487 2236 3551 eligendis
2270 3499 2423 3552 quam
2458 3488 2513 3537 in
2548 3486 2877 3550 congerendis
2906 3486 3060 3535 studii

561 3569 957 3621 adhibuissent.”
1003 3568 1212 3631 Quinct.
1247 3572 1346 3621 VI.
1378 3576 1428 3621 3.
1455 3571 1482 3637 ᾖ
1513 3576 1562 3622 5.
1609 3573 1837 3643 Videsne
1865 3572 2083 3623 Fabium
2104 3585 2307 3637 quoque
2334 3572 2431 3621 hoc
2456 3571 2567 3623 loco
2594 3572 2650 3621 in
2679 3571 2886 3621 nomine
2904 3570 3059 3620 edito-

559 3654 634 3705 ris
682 3653 927 3704 haerere?
973 3652 1036 3705 cf.
1086 3654 1368 3715 Vavassor,
1415 3656 1479 3706 de
1513 3656 1731 3708 dictione
1763 3656 1959 3707 ludicra
1992 3654 2041 3704 1.
2077 3669 2128 3719 p.
2165 3660 2267 3704 339
2304 3668 2441 3721 seqq.
2479 3656 2557 3707 ed.
2592 3654 2804 3719 Kappii,
2842 3653 2931 3719 qui
2962 3653 3059 3703 hos

559 3738 716 3789 libros
762 3738 918 3789 etiam
951 3753 984 3789 a
1017 3738 1208 3789 Tirone
1254 3739 1519 3790 abiudicat.
1588 3740 1705 3791 Iam
1752 3740 1869 3792 vivo
1915 3738 2158 3790 Cicerone
2204 3738 2457 3805 permulta
2502 3740 2636 3789 dicta
2679 3738 2817 3788 illius
2852 3737 3060 3787 nomine

561 3820 1038 3873 circumferebantur
1071 3824 1138 3873 ab
1175 3823 1288 3873 aliis
1317 3822 1552 3887 profecta.
1587 3822 1696 3875 Cic.
1731 3825 1796 3875 ad
1828 3825 1977 3876 Fam.
2010 3823 2111 3874 IX.
2156 3828 2235 3875 16.
2272 3824 2299 3888 §
2334 3826 2383 3873 4.
2419 3838 2511 3887 pro
2544 3822 2759 3872 Plancio
2800 3824 2879 3869 14.
2910 3821 2935 3885 §
2970 3826 3056 3871 35.

560 3904 768 3969 Dictum
803 3918 871 3955 ex
905 3905 1048 3955 libris
1082 3906 1186 3956 illis
1221 3906 1425 3956 Tironis
1459 3906 1605 3957 affert
1650 3907 1823 3959 Schol.
1858 3910 1990 3960 Bob.
2024 3924 2074 3973 p.
2112 3912 2212 3957 309
2249 3908 2285 3957 f.
2320 3906 2481 3957 Orell.
2518 3907 2737 3957 Videtur
2774 3904 2834 3957 C.
2871 3906 3059 3956 Trebo-

563 3988 676 4039 nius
709 3979 908 4051 quoque
944 3987 1132 4037 librum
1164 3988 1228 4038 de
1263 3988 1405 4038 dictis
1439 3987 1696 4039 Ciceronis
1728 3992 1993 4057 scripsisse.
2030 3990 2135 4043 Cic.
2170 3992 2237 4041 ad
2268 3990 2415 4040 Fam.
2454 3989 2577 4041 XV.
2618 3994 2700 4039 21.
2736 3989 2763 4055 ς
2798 3994 2847 4039 2.

632 4060 718 4133 ¹⁵⁷)
753 4066 832 4135 Cf.
878 4068 956 4118 Io.
1001 4067 1156 4119 Corn.
1205 4070 1668 4135 d’Engelbronner,
1714 4074 1841 4139 disp.
1890 4076 1955 4125 de
2005 4074 2079 4124 Μ.
2118 4074 2293 4125 Tullio
2328 4074 2519 4125 Tirone
2556 4073 2859 4141 (Amet-eloti.
2902 4074 3053 4139 1804)

565 4167 613 4217 P·
652 4155 719 4203 3⁸
755 4166 864 4217 sqq·

632 4232 718 4302 1⁵⁸3)
754 4234 862 4288 Cic.
905 4237 972 4286 ad
1013 4234 1126 4286 Att.
1163 4236 1315 4289 XVI.
1366 4242 1414 4288 5.
1450 4239 1554 4303 §4-
1625 4240 1772 4304 Quae
1819 4246 2151 4310 praecedunt:
2204 4243 2455 4311 »Nepotis
2499 4243 2763 4309 epistolam
2806 4248 3058 4307 exspecto.

562 4320 786 4389 Cupidus
836 4320 926 4372 ille
972 4321 1238 4371 meorum?
1273 4323 1360 4388 qui
1396 4338 1483 4386 ea,
1517 4325 1699 4391 quibus
1734 4330 1960 4381 maxime
1994 4328 2197 4399 yoeva'i
2212 4368 2227 4392 ,
2264 4331 2481 4395 legenda
2518 4344 2623 4380 non
2657 4334 2814 4393 putet.
2884 4328 2953 4377 Et
2986 4327 3060 4377 ais

564 4408 696 4466 μετ’
727 4403 992 4467 ἀμύμονα.
1030 4406 1113 4457 Tu
1139 4420 1261 4457 vero
1290 4406 1523 4470 ἀμύμων.
1557 4409 1659 4461 Ille
1684 4412 1892 4477 quidem
1914 4410 2194 4482 ἄμβροτος
2204 4416 2255 4475 ,”
2276 4413 2619 4465 Hullemanus
2641 4412 2787 4463 diatr.
2806 4410 2842 4461 l.
2861 4426 2911 4476 p.
2946 4415 3059 4461 193.

563 4488 680 4539 adn.
703 4494 749 4538 2.
769 4489 1148 4554 interpretatur,
1167 4506 1226 4541 ac
1245 4492 1290 4542 si
1302 4493 1512 4558 Nepotis
1528 4501 1707 4559 rogatu
1726 4510 1808 4547 eas
1826 4496 2064 4561 colligere
2080 4498 2429 4554 constituisset;
2462 4498 2805 4561 Tironemque
2822 4495 3059 4545 verisimi-

564 4574 681 4624 liter
715 4574 987 4639 colligendi
1022 4580 1073 4625 et
1095 4576 1358 4640 digerendi
1393 4577 1596 4633 initium
1623 4582 1742 4633 vivo
1778 4581 2019 4634 Cicerone
2049 4580 2237 4633 fecisse.
2309 4582 2452 4631 Haec
2481 4587 2651 4631 tamen
2666 4618 2679 4641 ,
2716 4586 2773 4630 ut
2808 4580 2860 4629 in
2896 4580 3061 4643 aprico

565 4664 662 4721 est,
699 4660 839 4709 omni
875 4658 1206 4711 fundamento
1241 4670 1426 4712 carent.
1858 4642 1913 4687 ⁸
