3375 5500
1732 417 1818 482 56

538 645 805 721 iuravit.
910 641 1056 721 Qui
1119 640 1414 715 candida
1482 639 1799 738 denigrat
1864 646 1935 713 et
2006 638 2204 738 nigra
2272 639 2616 736 loquendo
2687 638 2989 714 dealbat.

541 789 688 867 Qui
738 787 1028 861 aliorum
1075 786 1327 861 famam
1378 784 1821 882 depetulans,
1873 783 2080 857 urbes
2124 808 2399 882 quoque
2438 784 2793 857 mendacio
2834 809 2992 885 pes-

541 930 862 1005 sumdare
932 929 1308 1004 consuevit.
1362 971 1458 984 —-
1509 930 1950 1027 Quapropter
2014 927 2186 1001 mihi
2241 927 2629 1001 timendum
2675 936 2745 1000 et
2796 929 2995 1003 vobis

545 1099 978 1174 summopere
1025 1072 1408 1148 cavendum
1456 1073 1562 1144 est
1604 1097 1693 1144 ne
1735 1071 1939 1146 hodie
1986 1073 2143 1172 plus
2185 1073 2405 1146 valeat
2448 1072 2683 1170 pollita
2722 1083 2791 1147 et
2834 1098 2993 1146 eru-

543 1220 688 1294 dita
759 1218 1126 1305 calliditas,
1196 1242 1406 1316 quam
1470 1216 1661 1290 nuda
1706 1224 1778 1289 et
1822 1202 2131 1315 vulgaris
2178 1214 2598 1314 simplicitas,
2699 1218 2809 1290 Ne
2856 1218 2994 1290 sibi

540 1365 698 1462 plus
767 1361 984 1462 prosit
1049 1361 1478 1462 eloquentiae
1525 1361 1903 1435 cavillantis
1976 1360 2229 1434 astutia
2248 1419 2266 1448 ,
2324 1385 2535 1458 quam
2590 1360 2762 1433 mihi
2804 1361 2991 1436 obsit

541 1507 822 1582 infantis
879 1507 1154 1607 linguae
1213 1506 1490 1604 ineptia.
1595 1505 1669 1578 Si
1733 1529 1871 1602 quo
1930 1504 2161 1603 agitur
2221 1502 2295 1576 in
2358 1503 2503 1577 loco
2548 1527 2671 1600 pro
2717 1503 2994 1578 dicendi

539 1652 770 1752 inopia
793 1711 812 1742 ‚
861 1677 1016 1726 mea
1082 1650 1427 1725 vacillabit
1484 1649 1701 1726 oratio
1718 1709 1737 1737 ,
1790 1674 1931 1722 non
1999 1648 2185 1722 illius
2230 1648 2581 1747 phalerata
2624 1645 2994 1723 verborum

539 1794 819 1895 agmina
879 1801 950 1868 et
993 1815 1241 1867 canora
1282 1791 1616 1866 festivitas
1684 1816 1765 1866 ac
1812 1790 2288 1866 concinnitatis
2340 1790 2811 1888 splendencia,
2866 1792 2991 1865 sed

541 1939 813 2038 pondus
881 1963 1084 2011 suum
1165 1962 1245 2011 ac
1315 1937 1546 2035 ipsum
1629 1937 1857 2035 sagaci
1923 1935 2365 2036 indagatione
2443 1936 2855 2034 perscrutari
2918 1943 2993 2008 et

541 2080 812 2180 aequali
855 2081 1046 2155 lance
1085 2079 1422 2155 trutinare
1448 2078 1736 2154 debetis
1768 2179 1773 2184 ·
1801 2078 1995 2157 Quid
2020 2081 2079 2152 si
2119 2102 2239 2153 vos
2275 2103 2551 2177 quoque
2578 2077 2994 2152 sententiam

539 2224 906 2302 adversarii
946 2222 1320 2318 mendaciis
1365 2223 1729 2298 coloratam
1753 2281 1773 2310 ‚
1816 2222 2051 2297 linceis
2100 2231 2180 2297 ut
2228 2222 2461 2298 soletis
2493 2224 2711 2298 oculis
2740 2223 2991 2321 *inspe-

540 2367 822 2442 xeritisP
889 2363 1249 2438 invenietis
1321 2364 1452 2438 sub
1507 2362 1903 2438 columbina
1969 2362 2193 2462 specie
2231 2364 2656 2440 teterrimam
2696 2366 2994 2441 caudam

541 2508 808 2584 latitare
879 2506 1250 2606 scorpionis
1306 2513 1376 2580 et
1439 2533 1520 2581 eo
1581 2513 1783 2605 pacto
1852 2532 2006 2582 eam
2069 2507 2503 2582 inhonestam
2552 2514 2622 2581 et
2669 2508 2992 2584 inutilem

539 2651 945 2729 fatebimini.
1680 2649 1685 2656 ’

637 2797 852 2871 Illum
915 2819 1217 2892 namque
1281 2794 1368 2867 (16
1435 2792 1711 2867 civitate
1776 2801 2011 2869 censet
2100 2802 2440 2869 extorrem
2514 2795 2661 2869 fieri
2680 2855 2698 2884 ,
2787 2798 2990 2872 cuius

539 2940 829 3015 maiores
874 2962 1030 3012 eam
1065 2936 1439 3010 fundavere
1459 2995 1479 3025 ,
1527 2943 1967 3012 construxere
1986 2997 2005 3025 ‚
2044 2944 2114 3010 et
2150 2937 2239 3011 ab
2278 2937 2593 3012 hostibus
2632 2945 2989 3036 protexere

539 3110 618 3157 ac
675 3089 1018 3181 postremo
1069 3080 1160 3153 ad
1205 3087 1477 3154 tantum
1518 3079 1793 3155 culmen
1837 3080 2112 3156 honoris
2154 3105 2549 3179 promovere
2602 3088 2681 3155 ut
2712 3082 2987 3181 imperii

540 3221 1089 3323 magnitudinem
1157 3222 1317 3295 solis
1362 3229 1521 3296 ortu
1560 3231 1630 3295 et
1670 3249 1917 3298 occasu
1960 3225 2335 3299 metiretur.
2434 3226 2649 3299 Illum
2688 3226 2774 3299 de
2818 3226 2982 3301 civi·
3019 3283 3033 3293 ,.

538 3374 682 3441 tate
744 3364 1187 3466 praecipitem
1253 3364 1448 3439 iubet
1507 3365 1689 3452 dari,
1760 3368 1884 3465 qui
1935 3369 2070 3441 nisi
2110 3369 2339 3443 livoris
2378 3376 2449 3443 et
2488 3369 2985 3444 attractationis

542 3535 750 3611 causa
795 3506 1132 3597 obstaret,
1181 3508 1254 3580 in
1303 3533 1386 3582 ea
1421 3508 1688 3607 primus
1722 3516 1846 3584 aut
1879 3509 2061 3583 inter
2100 3510 2357 3608 primos
2398 3510 2637 3585 haberi
2680 3510 2983 3585 deberet.

540 3656 762 3729 Exeat
817 3652 1034 3752 igitur
1094 3651 1184 3749 de
1244 3652 1518 3727 civitate
1576 3652 1875 3729 Catilina
1930 3660 2002 3728 et
2059 3663 2409 3729 remaneat
2456 3655 2595 3731 illic
2640 3656 2991 3731 Ciceronis

540 3796 884 3874 iactantia.
982 3798 1204 3872 Exeat
1285 3796 1371 3871 (16
1447 3795 1721 3871 civitate
1786 3797 1953 3873 civis
2022 3806 2093 3873 et
2158 3806 2511 3873 remaneat
2580 3798 2986 3898 inquilinus,

541 3942 764 4015 Exeat
807 3940 895 4013 de
943 3942 1170 4016 Roma
1213 3942 1576 4015 Romanus
1627 3948 1697 4015 et
1744 3949 2095 4016 remaneat
2136 3940 2454 4040 Arpinas,
2552 3940 2776 4018 Exeat
2827 3945 2993 4019 hinc

542 4085 882 4185 Scipionis
943 4108 1274 4185 generosa
1329 4108 1632 4183 propago
1700 4087 1770 4157 et
1816 4090 2060 4183 regnet
2104 4083 2243 4157 illic
2292 4092 2501 4159 natus
2546 4086 2633 4160 de
2684 4110 2993 4187 paupere

540 4257 741 4332 pag0.
853 4229 1066 4305 Absit
1130 4228 1470 4328 Scipionis
1531 4227 1797 4303 indoles
1870 4229 2235 4304 luculenta.
2356 4229 2554 4309 Quid
2607 4229 2684 4303 >si
2762 4228 2995 4329 Scipio

539 4402 747 4452 nunc·
771 4375 884 4449 ille
927 4373 1224 4449 viveret?
1259 4396 1488 4446 nonne
1535 4372 1660 4446 tali
1696 4378 2006 4445 uteretur
2028 4371 2381 4470 alloquio?
2456 4372 2609 4471 Ego
2648 4372 2817 4460 vici,
2868 4398 2993 4446 vos

539 4521 614 4595 in
681 4519 976 4619 patriam
1047 4518 1328 4606 reduxi,
1401 4540 1521 4592 vos
1557 4524 1808 4591 tamen
1873 4516 2053 4591 cives
2114 4515 2379 4591 elicitis.
2476 4514 2629 4615 Ego
2684 4513 2985 4591 Romam

541 4664 844 4764 periculo
905 4664 1148 4764 capitis
1217 4662 1353 4739 mei
1406 4662 1670 4761 pmtexi
1690 4718 1711 4751 ,
1764 4685 1881 4735 vos
1931 4674 2184 4735 nomen
2235 4684 2463 4737 meum
2508 4659 2735 4735 delere
2784 4680 2987 4735 cona-
