3375 5500
2591 413 2732 458 xvu

251 589 626 677 Capitolina
639 636 660 667 ,
686 578 690 582 ⁵
713 611 908 672 quam
946 591 1192 656 Brutus
1236 590 1361 656 sibi
1389 590 1654 658 miserat
1669 639 1690 670 ,
1730 597 1807 660 ut
1832 613 1977 660 eam
2004 595 2351 680 corrigeret
2378 601 2728 681 antequam

253 710 553 776 ederetur
602 723 628 760 θ
643 713 720 795 ¹).
814 710 1021 776 Aliud
1067 711 1432 797 exemplum
1477 710 1630 778 talis
1679 714 2097 780 correctionis
2141 714 2315 801 apud
2348 715 2731 782 Ciceronem

251 828 491 913 legitur
551 828 702 895 libri
747 830 1082 896 cuiusdam
1127 830 1208 896 de
1259 831 1541 908 Catone,
1594 852 1790 916 quem
1840 832 2087 900 Brutus
2130 833 2354 900 Attico
2402 835 2728 919 corrigen-

253 947 415 1014 dum
469 948 772 1026 miserat,
817 949 1000 1015 cuius
1059 949 1540 1016 observationes
1584 950 1937 1018 admodum
1984 972 2173 1036 aegre
2212 953 2442 1020 tulisse
2474 952 2731 1020 videtur

247 1068 496 1135 Brutus
547 1071 662 1154 ⁹²).
775 1069 1159 1136 Ciceronem
1229 1069 1495 1135 solitum
1568 1092 1711 1138 esse
1784 1093 1903 1138 sua
1972 1072 2211 1158 scripta
2285 1071 2370 1137 ad
2432 1072 2731 1138 Atticum

257 1187 524 1254 mittere
590 1209 788 1274 supra
859 1188 1140 1254 diximus
1154 1236 1176 1267 ,
1249 1197 1444 1275 quem
1487 1189 1652 1256 adeo
1709 1191 2079 1258 orationum
2131 1213 2393 1256 suarum
2448 1191 2733 1257 Aristar-

253 1305 454 1370 chum
508 1306 792 1392 appellat
841 1311 958 1392 ⁹³).
1053 1306 1367 1374 Solebant
1417 1314 1637 1375 autem
1684 1317 1973 1377 oratores
1986 1358 2009 1389 ,
2057 1317 2409 1395 antequam
2457 1310 2541 1375 ad
2578 1331 2731 1376 cau-

253 1448 406 1490 sam
451 1424 794 1492 dicendam
833 1425 1214 1492 accederent
1255 1425 1519 1511 quidem
1535 1476 1556 1507 ,
1587 1428 1903 1496 meditari
1952 1435 2019 1496 et
2061 1429 2275 1516 capita
2317 1451 2534 1496 rerum
2582 1451 2727 1515 per·-

244 1545 528 1612 scribere
587 1545 702 1612 sed
769 1567 1130 1631 numquam
1197 1546 1334 1612 fere
1405 1567 1620 1631 neque
1696 1549 2061 1615 orationem
2116 1549 2191 1612 in
2264 1548 2509 1614 iudicio
2523 1597 2545 1627 ,
2602 1549 2732 1614 nisi

239 1670 508 1750 propter
582 1662 678 1730 rei
747 1663 1272 1748 magnitudinem
1319 1668 1409 1748 ¹³¹¹)
1434 1710 1454 1741 ,
1535 1671 1602 1730 et
1667 1686 1815 1730 raro
1876 1665 2269 1731 sententiam
2338 1665 2411 1729 in
2482 1669 2731 1732 Senatu

242 1784 328 1850 de
369 1784 610 1869 scripto
658 1781 872 1849 dicere
885 1830 907 1861 ,
955 1782 1086 1847 nisi
1133 1781 1312 1866 quod
1350 1782 1680 1848 interdum
1718 1788 1981 1850 senatus
2012 1784 2386 1850 consultum
2414 1785 2731 1870 scriptum

241 1901 638 1980 afferebant,
681 1907 757 1967 ut
801 1901 967 1967 illud
1011 1901 1236 1968 statim
1279 1902 1465 1968 fieret
1510 1907 1628 1989 ⁹⁵).

336 2021 722 2099 Orationes,
777 2043 944 2106 quae
999 2021 1240 2099 dictae,
1298 2044 1430 2087 non
1489 2021 1739 2101 editae,
1796 2029 2015 2102 erant,
2072 2043 2474 2109 quarumque
2516 2025 2731 2111 capita

241 2161 466 2208 rerum
517 2147 704 2206 erant
740 2140 1094 2228 perscripta
1107 2189 1127 2219 ,
1166 2140 1549 2207 dicebantur
1594 2163 1735 2208 esse
1780 2142 1854 2207 in
1902 2143 2413 2220 commentariis,
2456 2152 2533 2210 ut
2580 2165 2730 2208 nar-

243 2267 430 2329 ratur
494 2283 552 2326 v.
617 2270 674 2327 c.
743 2261 824 2327 de
897 2261 1230 2328 Ciceronis
1303 2261 1602 2327 oratione
1660 2283 1780 2347 pro
1831 2263 2077 2327 Scauro
2122 2260 2405 2328 ambitus
2453 2283 2567 2328 reo
2618 2266 2733 2348 ⁹⁶).

247 2380 494 2446 Melius
558 2380 832 2446 fortasse
901 2381 1025 2446 erit
1071 2380 1508 2446 Quinctiliani
1559 2381 1755 2446 verba
1804 2380 1908 2446 de'
1928 2380 2411 2447 commentariis
2460 2381 2585 2447 hic·
2622 2381 2735 2446 ad-

247 2499 528 2565 scribere
551 2503 683 2585 ⁹⁷):
735 2527 770 2561 n
791 2499 1186 2584 Plerumque
1214 2507 1436 2566 autem
1463 2500 1674 2566 multa
1706 2499 2049 2585 agentibus
2078 2499 2315 2564 accidit
2341 2506 2420 2565 ut
2448 2502 2731 2566 maxime

249 2618 612 2685 necessaria
677 2623 744 2684 et
791 2620 1023 2705 utique
1086 2619 1278 2684 initia
1333 2620 1656 2698 scribant,
1713 2626 1928 2686 cetera
1978 2639 2146 2702 quae
2201 2615 2397 2682 domo
2446 2617 2729 2684 afferunt

251 2723 646 2821 cogitatione
705 2739 1221 2825 complectantur
1237 2788 1258 2816 ‚
1310 2739 1542 2805 subitis
1599 2762 1678 2805 ex
1726 2745 2020 2824 tempore
2075 2742 2433 2803 occurrant.
2527 2737 2727 2804 Quod

254 2857 482 2923 fecisse
539 2858 638 2921 M.
703 2858 994 2924 Tullium
1059 2858 1538 2924 commentariis
1594 2858 1799 2945 ipsius
1864 2862 2147 2943 apparet.
2242 2856 2375 2922 Sed
2427 2856 2728 2923 feruntur

252 2976 530 3041 aliorum
580 2998 870 3062 quoque,
911 2983 978 3044 et
1015 2976 1266 3043 inventi
1315 2977 1516 3054 forte,
1534 2983 1621 3042 ‘ut
1658 2998 1767 3043 eos
1807 2976 2097 3041 dicturus
2145 2975 2419 3059 quisque
2460 2996 2723 3060 compo-

307 3330 370 3399 91)
406 3332 511 3385 cie.
548 3336 614 3385 aa
649 3335 761 3389 Aa.
799 3336 924 3389 xv.
968 3342 1013 3387 1.
1050 3338 1099 3388 b.
1136 3338 1162 3403 §
1199 3322 1262 3388 2(

309 3413 375 3483 ⁹²)
411 3416 515 3468 Cic.
554 3420 620 3469 ad
655 3420 768 3471 Att.
805 3420 934 3471 XII.
975 3425 1057 3471 21.
1095 3422 1122 3485 5
1161 3428 1205 3471 l.

305 3496 370 3565 ⁹³)
405 3500 510 3553 Cic.
547 3504 613 3553 ad
647 3504 760 3554 Att.
799 3504 843 3554 Ι.
888 3510 968 3555 14.
1005 3505 1032 3570 5
1065 3510 1118 3555 3.

306 3581 369 3649 ⁹⁴)
403 3584 506 3637 Cic.
542 3602 636 3652 pro
671 3588 886 3638 Plancio
919 3594 1004 3639 30.
1039 3589 1066 3654 5
1103 3592 1188 3639 74.

305 3664 369 3734 ⁹⁵)
403 3668 510 3723 Cic.
547 3670 685 3720 Phil.
714 3673 760 3722 Ι.
803 3676 848 3721 l.
877 3670 904 3736 5
939 3677 991 3723 3.
1025 3673 1092 3723 ad
1125 3672 1272 3723 Fam.
1304 3670 1375 3721 X.
1413 3676 1491 3723 13.
1521 3674 1548 3739 5
1584 3678 1627 3723 1.
1667 3674 1771 3723 uId
1806 3688 1872 3723 ex
1902 3673 2010 3737 ipso
2039 3672 2160 3724 Seto
2191 3672 2377 3738 poteris
2404 3686 2701 3737 cognoscere
2713 3694 2729 3733 3

241 3753 310 3807 ita
341 3754 478 3806 enim
513 3762 590 3807 est
621 3757 952 3822 perscriptum
981 3764 1043 3807 ut
1077 3772 1110 3807 a
1142 3770 1226 3806 me
1254 3756 1319 3807 de
1352 3756 1534 3820 scripto
1567 3757 1704 3806 dicta
1736 3756 1987 3806 sententia
2021 3758 2147 3805 est.''

305 3834 370 3905 ⁹⁶)
405 3837 609 3900 Quium..
645 3840 746 3891 IV.
789 3846 835 3891 1.
871 3840 898 3905 5
933 3844 1018 3891 69.
1071 3841 1233 3892 Addit
1265 3841 1392 3890 haec
1426 3839 1825 3906 Quinctilianus:
1863 3860 1888 3883 n
1902 3852 2213 3903 quaecausa
2241 3846 2316 3889 est
2348 3840 2402 3889 in
2430 3848 2735 3893 commenta-

239 3922 348 3983 riis;
382 3938 504 3973 nam
538 3924 614 3975 bis
645 3938 768 3975 eum
795 3926 1070 3987 defendit”,
1117 3940 1185 3977 ne
1224 3927 1336 3991 quis
1369 3926 1699 3977 confunderet
1733 3925 2014 3975 orationem
2046 3938 2139 3988 pro
2172 3922 2364 3975 Scauro
2397 3923 2614 3977 ambitus
2646 3939 2735 3976 reo

238 4022 350 4059 cum
396 4007 590 4059 notiore
625 4009 718 4059 illa
763 4024 854 4074 pro
893 4009 1086 4061 Scauro
1131 4011 1522 4075 repetundarum
1556 4025 1660 4061 reo.
1730 4006 1902 4061 Simili
1946 4009 2098 4059 modo
2133 4008 2385 4059 Asconius
2420 4007 2496 4059 bis
2522 4016 2734 4061 conatur

241 4102 458 4142 errorem
511 4098 827 4143 antevertere
881 4094 946 4143 de
997 4092 1305 4154 Dolabellis,
1359 4094 1518 4143 altero
1566 4111 1599 4144 a
1651 4092 1867 4145 Caesare
1880 4130 1895 4153 ,
1944 4092 2103 4142 altero
2154 4106 2187 4141 a
2237 4092 2428 4144 Scauro
2478 4092 2735 4141 accusatis.

239 4174 424 4228 Ascon-
455 4192 506 4241 p.
544 4181 608 4227 26
646 4183 698 4229 et
731 4193 781 4242 p.
816 4180 896 4227 73.
935 4176 1124 4229 Orelli:
1159 4192 1290 4244 qnae
1319 4184 1453 4229 certe
1481 4178 1699 4239 faciunt,
1734 4184 1793 4231 ut
1826 4179 1881 4227 in
1911 4191 1973 4228 ea
1997 4190 2057 4227 re
2084 4189 2276 4227 errores
2308 4176 2597 4231 commissos
2625 4188 2733 4225 esse

236 4262 516 4313 credamus.
892 4311 898 4320 ,
1455 4308 1462 4315 .
1583 4312 1587 4316 ,
2084 4312 2089 4317 ,
2130 4310 2137 4315 .

305 4344 392 4397 Sic
426 4346 631 4397 nomine
675 4346 872 4410 decepti
916 4346 1067 4396 multi
1103 4348 1275 4399 Ennio
1307 4352 1486 4413 poetae
1533 4347 1881 4399 adscribebant
1926 4345 2081 4398 libros
2125 4340 2184 4391 de
2231 4340 2403 4391 litteris
2440 4340 2731 4408 syllabisque

239 4429 359 4480 item
393 4428 453 4479 de
481 4428 673 4481 metris.-
712 4446 738 4479 »
755 4431 863 4482 iure
892 4436 1063 4483 tamen
1077 4470 1093 4493 ‚
1120 4433 1194 4483 ait
1222 4433 1496 4485 Suetonius
1523 4434 1589 4487 de
1617 4432 1705 4482 111.
1732 4430 1959 4482 Gramm.
1995 4444 2041 4478 c.
2082 4432 2145 4486 1.‚
2181 4429 2348 4489 arguit
2373 4425 2560 4478 Lucius
2586 4426 2737 4479 Cotta

239 4526 341 4561 non
387 4520 564 4577 poetae
615 4516 704 4566 sed
753 4516 1040 4581 posterioris
1087 4518 1246 4569 Ennii
1293 4520 1450 4570 esse.''
1519 4517 1683 4569 Aliud
1735 4516 1883 4567 huius
1928 4514 2127 4580 generis
2175 4512 2467 4577 exemplum
2519 4517 2595 4561 est
2644 4526 2726 4576 ap.

241 4596 506 4661 Meyerum
539 4614 620 4664 op.
659 4601 695 4651 1.
723 4617 775 4667 p.
812 4606 934 4651 499.

310 4676 372 4748 ⁹⁷)
409 4681 614 4748 Quinct.
651 4684 720 4739 X.
763 4688 810 4738 7.
841 4684 870 4753 5
900 4690 985 4736 ao.

2274 4782 2318 4844 2
2367 4844 2371 4849 .
