3375 5500
1696 433 1781 495 62

1632 641 1844 706 XXV.

598 793 787 862 Idem
813 795 1094 894 Philipp.
1124 795 1181 858 Ι.
1211 796 1247 879 ᾅ
1285 796 1387 859 12.
1419 813 1534 878 pro
1562 792 2031 871 ἐπιμελούμεθα
2078 793 2431 878 requiritur
2473 795 2893 872 ἐπιμελεῖται.

1615 971 1867 1037 XXVI.
2176 940 2181 946 ’

600 1155 686 1219 In
735 1152 1066 1219 Ciceronis
1123 1152 1167 1217 l.
1219 1152 1276 1215 I.
1327 1151 1407 1217 de
1463 1153 1644 1216 Orat.
1702 1153 1804 1216 13.
1854 1154 1890 1237 ᾧ
1942 1153 2062 1216 57;
2116 1151 2459 1236 nCogebat
2506 1154 2682 1218 enim
2724 1174 2829 1218 me
2872 1153 2975 1215 M.

511 1273 861 1339 Marcellus
907 1273 1014 1338 hic
1057 1278 1313 1350 noster,
1361 1272 1472 1356 qui
1509 1291 1668 1336 nunc
1712 1271 1930 1335 aedilis
1971 1273 2203 1336 curulis
2241 1278 2362 1350 est,
2405 1279 2462 1336 et
2505 1274 2793 1358 profecto
2843 1272 2981 1336 nisi

514 1393 704 1459 ludos
769 1416 945 1459 nunc
1008 1393 1247 1476 faceret
1321 1392 1474 1458 huic
1539 1399 1764 1459 nostro
1843 1392 2127 1458 sermoni
2196 1393 2601 1460 interesset.”
2719 1393 2976 1458 Verba:

517 1541 552 1576 n
574 1535 732 1580 nunc
777 1516 994 1579 aedilis
1038 1515 1270 1578 curulis
1310 1519 1416 1578 est·
1439 1515 1576 1592 αἶ’
1619 1513 1905 1578 insiticia
1947 1518 2118 1578 sunt.

1602 1692 1895 1758 XXVII.

606 1875 801 1961 Apud
831 1876 966 1939 Cic.
1011 1897 1073 1960 p.
1112 1875 1378 1940 Quinct.
1420 1876 1527 1938 29.
1564 1877 1600 1959 ᾧ
1638 1876 1760 1939 89:
1813 1901 1847 1934 n
1869 1875 2107 1941 Postea
2146 1873 2409 1940 recitavi
2454 1872 2737 1938 edictum
2757 1918 2776 1949 ,
2804 1871 2984 1955 quod

517 2003 734 2081 aperte
790 1995 1125 2061 dominum
1169 1994 1249 2060 de
1288 1993 1552 2080 praedio
1598 1993 1855 2059 detrudi
1903 2001 2183 2060 vetaret:
2231 1997 2297 2059 in
2341 2014 2458 2080 quo
2500 1993 2763 2057 constitit
2803 1993 2985 2056 Nae-

518 2117 696 2182 vium
746 2137 825 2182 ex
871 2115 1084 2182 edicto
1123 2137 1259 2180 non
1301 2113 1703 2200 possedisse”
1747 2121 1898 2180 cett.
1992 2115 2149 2199 Leg.
2201 2141 2236 2174 n
2258 2135 2373 2198 quo
2420 2112 2768 2178 cmzstituiss’

1585 2292 1917 2359 XXVIII.

605 2469 802 2557 Apud
865 2471 1001 2535 Cic.
1051 2494 1114 2555 p.
1186 2473 1332 2538 Sex.
1405 2470 1642 2536 Roscio
1714 2471 1934 2536 Amer.
1995 2473 2056 2534 5.
2114 2473 2148 2554 ᾗ
2204 2472 2325 2533 12:
2388 2469 2541 2534 »Ut
2594 2491 2727 2534 non
2789 2467 2987 2532 modo

519 2591 724 2668 clam,
767 2613 990 2656 verum
1039 2591 1236 2656 etiam
1291 2591 1397 2656 hic
1445 2592 1512 2654 in
1543 2590 1701 2672 foro
1715 2637 1737 2667 ,
1801 2598 1952 2654 ante
1995 2588 2283 2654 tribunal
2338 2593 2527 2652 tuum
2566 2584 2679 2652 'M.
2738 2586 2948 2651 Fanni
2966 2634 2989 2664 ,

521 2716 671 2777 ante
729 2710 922 2797 pedes
987 2718 1268 2790 vestros,
1327 2710 1571 2776 iudices
1592 2759 1612 2787 ,
1671 2710 1844 2777 inter
1896 2711 2037 2796 ipsa
2096 2709 2402 2777 subsellia
2448 2709 2671 2776 caedes
2721 2709 2983 2775 futurae

519 2830 718 2898 sint.'’
808 2832 974 2898 Dele
1017 2832 1370 2916 glossema:
1417 2834 1484 2895 in
1511 2832 1690 2913 forn.

1634 3006 1885 3073 XXIX.

610 3187 806 3272 Apud
841 3187 975 3252 Cic.
1017 3187 1086 3250 in
1126 3188 1310 3253 Verr.
1343 3188 1438 3251 II.
1479 3211 1523 3252 1.
1571 3192 1674 3251 12.
1723 3191 1757 3273 §
1806 3192 1929 3253 33:
1983 3214 2015 3249 u
2040 3187 2253 3253 Omne
2301 3186 2465 3251 illud
2512 3194 2768 3272 tempus
2814 3185 2992 3271 quod

526 3306 654 3373 fuit
670 3356 692 3387 ,
755 3308 1103 3391 antequam
1179 3306 1262 3370 ad
1327 3307 1793 3393 [magistratus]
1858 3330 1995 3373 rem
2054 3309 2235 3394 [que]
2272 3306 2614 3392 ‘publicam
2687 3306 2956 3371 accessit
2970 3353 2992 3382 ‚

524 3427 760 3491 habeat
804 3448 920 3511 per
971 3448 1077 3491 me
1129 3426 1406 3491 liberum
1463 3448 1538 3491 ac
1583 3427 1908 3505 solutum,
1958 3426 2231 3492 delenda
2276 3433 2464 3505 sunt,
2530 3448 2696 3512 quae
2738 3425 2993 3491 uncinis

524 3547 780 3624 inclusi.

1503 3702 1506 3705 ,
1646 3635 1861 3701 XXX.

614 3787 812 3874 Apud
861 3788 996 3853 Cic.
1043 3788 1117 3851 in
1155 3790 1340 3853 Verr.
1385 3786 1508 3852 IV.
1543 3809 1636 3853 w.
1683 3790 1793 3852 43.
1831 3789 1866 3872 ᾧ
1908 3790 2031 3851 93:
2082 3788 2533 3869 nPraecipitur
2563 3792 2622 3849 et
2656 3784 2997 3870 negotium

531 3907 722 3973 datur
755 3908 1200 3992 quaestoribus
1242 3915 1308 3973 et
1342 3907 1658 3974 aedilibus
1677 3956 1700 3987 ,
1744 3914 1820 3973 ut
1851 3914 2052 3974 noctu
2093 3906 2343 3989 vigilias
2382 3913 2649 3991 agerent
2688 3906 2771 3973 ad
2804 3903 2995 3971 aedes

533 4026 810 4093 sacras.'’
897 4026 1100 4093 Dele:
1138 4030 1525 4111 praecipitur
1567 4033 1644 4091 et.

1631 4204 1884 4272 XXXI.

621 4384 821 4471 Apud
867 4385 1002 4449 Cic.
1049 4385 1129 4452 de
1166 4384 1289 4469 leg.
1320 4407 1451 4469 agr.
1491 4384 1562 4449 in
1600 4386 1777 4450 Rull.
1807 4387 1905 4452 II.
1950 4389 2119 4473 21.§
2171 4372 2289 4451 56:
2342 4383 2759 4451 oDecemviri
2785 4388 3002 4448 ves-tra

536 4505 873 4591 vectigalia
916 4526 1050 4568 non
1112 4505 1308 4571 modo
1357 4526 1432 4568 ne
1486 4505 1667 4571 vobis
1727 4507 1969 4597 quidem
2024 4507 2317 4584 arbitriS,
2376 4504 2490 4571 sed
2543 4527 2629 4569 ne
2680 4522 3007 4589 praecone

539 4626 796 4727 quidem
863 4626 1122 4711 publico
1179 4630 1346 4691 teste
1398 4626 1749 4693 vendent.'’
1858 4628 2049 4693 Prius
2096 4648 2172 4691 ne
2214 4666 2305 4677 ---
2353 4626 2593 4712 quidem
2647 4622 3003 4708 interpola-

536 4745 696 4811 toris
741 4751 856 4812 est.
