3375 5500
2606 479 2715 523 xm

261 664 372 748 qui
439 677 602 729 sum·
643 660 938 728 Cicero.''
1027 661 1211 724 Haec
1273 657 1387 742 qui
1447 655 1726 743 exempli
1786 677 1979 724 causa
2026 660 2251 726 attulit
2264 708 2286 740 ,
2334 668 2413 728 ut
2455 663 2709 732 dicendi

260 782 533 866 figuram
612 781 957 860 indicaret,
1033 777 1492 866 putabimusne
1556 777 1948 863 locupletem
2026 784 2261 846 testem
2336 783 2713 852 authentiae

255 908 518 968 nostrae
560 901 870 968 orationis
913 900 1096 966 esse?
2624 885 2629 888 ’

347 1022 786 1108 Epistularum
853 1017 1183 1086 Ciceronis
1249 1023 1316 1082 et
1378 1015 1570 1081 Bruti
1632 1016 1863 1082 νοθείαν
1878 1065 1901 1096 ,
1967 1025 2220 1104 praeter
2266 1021 2340 1085 C.
2388 1022 2492 1087 Fr.
2541 1025 2711 1091 Her·

252 1163 571 1208 mannum
585 1189 607 1220 ,
651 1163 874 1208 omnes
914 1141 1050 1207 fere
1090 1140 1468 1222 agnoscunt.
1533 1137 1604 1200 Si
1631 1137 2081 1205 Quinctiliano
2108 1137 2327 1206 credas
2343 1189 2363 1219 ,
2391 1144 2712 1226 genuinae

251 1270 439 1342 sunt,
511 1267 685 1328 certe
744 1260 826 1326 ab
887 1281 966 1326 eo
1025 1257 1276 1342 saepius
1343 1253 1693 1322 laudantur
1739 1269 1795 1310 2⁸
1814 1263 1895 1344 1).
1987 1260 2146 1326 Non
2208 1261 2409 1328 semel
2463 1265 2710 1331 mentio

251 1383 335 1448 fit
415 1381 590 1467 apud
667 1401 816 1446 eum
877 1383 1002 1464 ²¹²)
1075 1379 1387 1447 orationis
1467 1379 1856 1458 invectivae,
1934 1379 2227 1446 Sallustii
2303 1383 2567 1450 nomine
2637 1386 2709 1450 in

247 1503 668 1578 Ciceronem,
732 1521 924 1584 quam
981 1499 1210 1566 falsam
1271 1523 1444 1580 esse,
1516 1501 1610 1567 ait
1671 1500 2057 1579 Markland,
2127 1521 2303 1566 nunc
2360 1523 2582 1570 omnes
2630 1505 2706 1569 P.

245 1621 556 1687 Victorio
598 1620 1014 1699 assentimur,
1058 1621 1218 1686 haec
1259 1620 1537 1687 addens:
1601 1620 1863 1704 aAtque
1910 1621 1969 1686 si
2014 1621 2379 1707 praeclarus
2414 1623 2523 1689 hic
2566 1647 2710 1692 ora-

251 1741 466 1807 toriae
521 1741 677 1805 artis
737 1740 1045 1825 magister
1099 1740 1224 1806 sibi
1286 1741 1486 1807 semel
1534 1740 1783 1824 imponi
1828 1761 2051 1824 passus
2108 1747 2209 1806 est
2250 1744 2585 1826 supposito
2629 1746 2711 1810 li-

249 1861 450 1939 bello,
477 1859 635 1946 quid
664 1857 899 1938 obstat,
929 1860 1276 1944 quominus
1301 1862 1522 1924 iterum
1546 1859 1618 1924 in
1640 1857 1841 1924 talem
1865 1859 2159 1926 fraudem
2188 1859 2531 1927 inciderit”
2556 1874 2582 1913 ²
2597 1875 2613 1914 ¹
2629 1869 2710 1950 3).

255 1978 486 2045 Oratio
548 1977 630 2045 de
692 1979 1112 2062 Haruspicum
1171 1980 1533 2062 Ite-sponsis,
1611 1978 1839 2062 (igitur
1880 1978 2213 2063 supposita
2262 2001 2341 2046 ex
2395 1983 2741 2069 Madvigii·

256 2099 648 2184 sententia),
693 2099 866 2184 apud
895 2098 1414 2164 Quinctilianum
1441 2097 1745 2163 laudatur
1776 2097 1976 2162 Tullii
2014 2099 2282 2166 nomine
2312 2111 2370 2150 21
2384 2101 2478 2190 ⁴),·
2507 2103 2711 2171 immo

256 2221 659 2286 mentionem
719 2219 878 2284 facit
928 2219 1240 2285 orationis
1294 2217 1632 2284 Hortensii
1677 2239 1796 2302 pro
1845 2219 2049 2285 Verre
2090 2224 2216 2305 ²¹⁵)
2238 2268 2258 2298 ,
2304 2243 2506 2305 quum
2554 2246 2709 2290 con-

259 2346 420 2419 stet,
482 2339 686 2425 ipsius
735 2338 1064 2404 Ciceronis
1121 2338 1496 2405 testimonio
1511 2385 1533 2416 ,
1591 2338 2019 2404 Hortensium
2082 2337 2207 2404 sibi
2261 2361 2397 2407 non
2444 2365 2711 2430 respon-

257 2462 428 2525 disse
473 2457 604 2546 1111)
621 2506 642 2536 ,
697 2458 987 2542 quamvis
1036 2479 1326 2524 summus
1371 2462 1590 2523 orator
1623 2477 1739 2543 pro
1776 2477 1889 2523 reo
1930 2458 2235 2524 familiari
2274 2460 2532 2530 diceret.
2604 2465 2713 2532 De

259 2603 392 2666 qua
453 2578 743 2644 oratione
807 2577 1144 2643 Hortensii
1179 2567 1289 2642 'ex
1355 2576 1592 2641 scholis
1644 2568 1933 2643 ‘rhetoris
1992 2577 2326 2644 cuiusdam
2386 2583 2709 2666 profecta,

258 2702 352 2767 sic
391 2697 647 2767 scribit:
702 2723 738 2757 n
757 2697 918 2782 quin
961 2697 1159 2763 etiam
1204 2695 1260 2761 si
1293 2686 1510 2761 minus
1553 2716 1736 2781 pares
1770 2694 2163 2761 videbuntur
2198 2696 2454 2783 aliquae
2487 2706 2708 2769 tamen

259 2824 343 2889 ad
385 2816 896 2905 cognoscendam
940 2816 1158 2881 litium
1201 2815 1646 2899 quaestionem
1689 2820 1865 2881 recte
1900 2816 2336 2901 requirentur,
2382 2828 2458 2887 ut
2482 2828 2713 2889 contra

257 2942 588 3009 Ciceronis
654 2935 978 3004 orationes
993 2983 1014 3013 ,
1082 2932 1442 3000 Tuberonis
1508 2934 1580 2997 in
1646 2933 1981 3017 Ligarium
1996 2982 2019 3013 ,
2079 2942 2146 3001 et
2199 2936 2538 3003 Hortensii
2590 2965 2711 3026 pro

258 3061 526 3129 Verre.”
611 3056 810 3124 Quod
855 3056 1068 3141 ipsum
1133 3054 1448 3119 iudicium
1466 3102 1486 3132 ,
1540 3051 1815 3118 Fabium
1872 3054 1953 3119 ab
2006 3055 2361 3123 Hortensio
2406 3079 2707 3129 revocare

259 3186 558 3269 potuerat
599 3186 666 3246 et
713 3177 1057 3243 debuerat:
1106 3176 1244 3266 eius
1294 3175 1499 3259 igitur
1534 3174 1921 3240 auctoritate
1954 3179 2032 3240 ut
2066 3176 2464 3243 retineamur
2480 3226 2501 3257 ,
2548 3203 2709 3265 quo-

259 3303 474 3367 minus
517 3293 748 3365 falsam
792 3298 960 3361 hanc
1009 3288 1370 3363 orationem
1415 3294 1690 3381 primam
1737 3294 2097 3361 iudicemus
2110 3343 2131 3374 ,
2161 3298 2343 3363 nulla
2368 3321 2561 3366 causa
2588 3310 2705 3369 est.

343 3424 564 3487 Pauca
611 3417 884 3485 dicenda
932 3424 1088 3484 sunt
1131 3416 1214 3483 de
1265 3418 1544 3482 Senecae
1588 3416 1789 3501 patris
1844 3416 2222 3483 testimonio
2266 3422 2393 3503 2¹⁶¹)
2413 3466 2433 3496 ,
2500 3420 2607 3484 cui
2648 3421 2707 3486 si

261 3542 417 3611 fides
468 3539 766 3609 habenda
828 3544 926 3604 est
941 3586 960 3617 ,
1019 3558 1243 3629 vereor
1292 3544 1369 3603 ut
1429 3534 1751 3602 sententia
1789 3556 1955 3601 >mea
2010 3536 2313 3621 cuiquam
2354 3539 2707 3623 probabilis

261 3662 459 3729 videri
487 3658 712 3747 possit.
759 3660 830 3723 Is
853 3656 1028 3723 enim
1051 3656 1274 3722 scribit
1293 3659 1446 3741 ²¹⁸),
1473 3632 1853 3721 Ciceronem
1872 3656 2082 3720 filium
2104 3656 2371 3734 dixisse,
2402 3657 2707 3741 Hybreae

263 3779 661 3849 disertissimi
720 3779 840 3845 viri
904 3778 1042 3841 filio
1085 3776 1254 3842 male
1323 3774 1494 3861 apud
1551 3796 1622 3839 se
1669 3796 1926 3839 causam
1978 3774 2195 3857 agenti
2240 3778 2367 3862 ²¹⁹)
2390 3824 2411 3854 ,
2460 3775 2703 3857 ἀτίμων

319 4007 402 4077 ²¹¹)
437 4012 638 4073 Quinct.
671 4012 716 4061 Ι.
747 4012 849 4076 5.§
885 4016 966 4062 14.
1001 4013 1102 4063 ΙΙΙ.
1139 4014 1186 4061 8.
1215 4008 1242 4075 5
1267 4015 1348 4060 42.
1385 4010 1623 4062 vmss.
1653 4008 1680 4073 ᾗ
1708 4011 1769 4069 6,
1806 4013 1890 4059 34.
1927 4012 1975 4059 6.
2005 4008 2031 4074 §
2063 4014 2146 4059 20.
2183 4010 2251 4063 V.
2290 4014 2366 4060 10.
2395 4009 2423 4075 §
2459 4015 2506 4059 9'.
2542 4012 2717 4063 Verba

251 4112 376 4161 quae
407 4098 677 4148 laudantur
707 4098 782 4149 11.
821 4102 905 4147 20.
938 4098 966 4163 ς)
1005 4102 1082 4149 10.
1119 4097 1174 4147 in
1208 4096 1450 4161 epistolis,
1484 4108 1614 4160 quae
1649 4086 1786 4145 'nunc
1818 4093 2232 4148 circumferuntur
2244 4134 2260 4160 ,
2294 4108 2399 4146 non
2432 4094 2681 4159 leguntur.

318 4178 402 4249 ²1²)
437 4182 638 4243 Quinot.
673 4182 771 4231 1v.
814 4186 858 4231 1.
892 4181 920 4247 ς
955 4184 1040 4232 es.
1073 4180 1174 4231 1x.
1207 4187 1256 4231 3.
1287 4181 1312 4245 §
1349 4185 1431 4230 89.
1467 4180 1568 4230 x1.
1612 4184 1654 4229 1.
1692 4178 1719 4244 §
1750 4184 1832 4228 24.

319 4262 402 4331 ²¹³)
435 4266 710 4316 Markland
741 4265 798 4315 in
832 4266 988 4330 praef.
1021 4268 1088 4316 ad
1119 4267 1202 4319 IV
1237 4264 1398 4317 Oratt.
1434 4279 1482 4329 p.
1519 4276 1681 4315 mxxv.
1718 4262 1873 4316 Wolf.

317 4345 398 4415 ²14)
434 4350 637 4413 Quinct.
671 4351 740 4402 v.
785 4356 862 4399 11.
897 4350 1037 4415 542.

319 4430 401 4501 115)
436 4435 638 4498 Quinet.
674 4436 734 4486 Χ.
777 4442 820 4485 1.
854 4436 881 4501 5
916 4440 998 4486 23.

319 4514 402 4583 ²¹⁶)
435 4519 540 4570 cic.
577 4518 717 4571 Orat.
753 4524 836 4570 36.
872 4520 898 4585 §
937 4525 1052 4570 129.

321 4599 404 4669 ²¹⁷)
435 4604 511 4655 M.
547 4604 744 4657 Seneca
775 4605 919 4656 Suas-
953 4606 1042 4656 lib.
1077 4620 1127 4671 p.
1166 4608 1250 4656 57.

321 4681 404 4752 ²¹⁸)
439 4688 513 4740 M.
549 4689 742 4741 Seneca
775 4690 918 4743 SuaS.
953 4692 1040 4743 lib.
1079 4695 1162 4741 57.

321 4765 404 4838 ²¹⁹)
438 4772 495 4825 Si
529 4790 779 4841 unquam,
813 4776 938 4828 haec
973 4791 1121 4828 causa
1153 4780 1265 4825 acta
1300 4782 1372 4827 est
1406 4775 1538 4840 apud
1585 4774 1658 4825 Μ.
1692 4772 2013 4835 Ciceronem,
2047 4788 2203 4839 quum
2232 4770 2411 4824 Asiam
2449 4770 2716 4824 obtinebat.
2760 4784 2763 4787 ⁴
