3375 5500
671 379 814 422 XXI!

671 565 716 628 1.
764 565 836 641 I,
881 584 1077 648 quam
1149 565 1372 628 nostro
1426 559 1592 626 loeo,
1683 559 1830 623 Iam
1880 577 2032 623 vero
2082 559 2138 624 si
2193 557 2413 623 omnia
2449 581 2617 644 quae
2669 561 2873 628 Orelli
2916 564 3147 632 obiicit

673 682 780 746 vix
831 701 910 747 ac
961 701 1048 746 ne
1101 681 1206 746 vix
1261 678 1524 763 quidem
1585 675 1933 744 defendere
1990 686 2207 764 posset
2255 679 2526 765 Madvig
2546 728 2568 758 ‚
2622 703 2845 750 nonne
2904 686 3147 752 miran-

671 801 829 868 dum
877 808 1047 868 esset
1089 800 1312 866 omnia
1356 800 1472 864 illa
1519 799 1857 866 dubitatae
1900 798 2055 866 fidei
2106 799 2177 864 in
2230 823 2439 866 unum
2494 801 2685 868 illum
2738 803 2955 870 locum
3006 805 3151 872 bre-

672 942 819 986 vem
861 941 1004 986 esse
1045 925 1352 1004 congesta
1366 919 1397 983 ἲ

763 1039 1270 1122 Refradariolm
1284 1038 1488 1123 igitur
1520 1038 1835 1104 Latinum
1865 1040 1986 1116 sit,
2031 1037 2186 1104 lieet
2212 1036 2400 1118 ἅπαξ
2427 1039 2770 1120 λεγόμενον
2787 1091 2804 1118 ,
2838 1049 2905 1109 et
2934 1043 3151 1128 quoad

669 1162 871 1229 seiam
925 1161 1196 1226 unicum
1249 1127 1716 1226 diminutivum
1762 1158 2063 1226 adieetivi
2118 1158 2191 1222 in
2244 1161 2452 1235 arius;
2512 1160 2629 1228 sed
2694 1163 2854 1246 quid
2902 1164 3151 1248 signifi-

669 1284 817 1351 cat?
877 1302 1086 1366 genus
1143 1279 1404 1348 dicendi
1471 1279 1793 1356 iudiciale,
1852 1277 2031 1362 quod
2075 1277 2377 1362 refringit
2422 1282 2599 1363 (nam
2650 1281 2733 1348 ab
2780 1283 2907 1350 hoc
2954 1283 3153 1350 verbo

673 1399 1096 1470 derivandum
1158 1402 1284 1484 est)
1369 1396 1715 1464 adversarii
1792 1401 2193 1479 argumenta.
2315 1398 2566 1464 Nonne
2632 1399 2807 1466 idem
2886 1403 3147 1488 saepius

667 1521 926 1588 obtinet
995 1521 1068 1584 in
1149 1519 1233 1584 iis
1293 1516 1700 1586 orationibus
1716 1563 1739 1596 ,
1808 1537 1979 1601 quae
2048 1516 2119 1580 in
2184 1519 2432 1583 Senatu
2506 1518 2611 1583 vel
2684 1519 2769 1584 ad
2834 1521 3151 1606 populum

667 1640 1033 1708 habentur?
1113 1659 1338 1706 nonne
1416 1636 1654 1702 Cicero
1734 1635 2001 1721 refregit
2082 1637 2290 1702 Rullii
2364 1643 2748 1721 argumenta
2798 1660 2919 1724 pro
3012 1640 3156 1724 lege

664 1760 956 1843 agraria?
1003 1758 1161 1844 quid
1177 1806 1199 1837 ,
1243 1779 1448 1842 quum
1491 1756 1808 1843 populum
1852 1755 2253 1823 concitatum
2296 1758 2584 1825 flecteret
2618 1758 2692 1824 in
2725 1758 2873 1842 lege
2912 1759 3154 1826 Roscia

662 1875 1011 1942 theatrali?
1101 1875 1286 1938 Num
1347 1873 1747 1956 refringendi
1808 1873 1905 1939 vis
1952 1873 2025 1938 in
2062 1875 2355 1942 iudiciali
2402 1896 2637 1960 genere
2680 1875 2885 1961 igitur
2925 1877 3069 1942 min
3081 1900 3151 1944 or

665 2001 766 2061 est
785 2041 806 2072 ,
881 1991 1058 2078 quod
1135 1993 1367 2058 Cicero
1431 1991 1747 2058 dicendus
1816 1993 1904 2058 sit
1972 1991 2217 2060 idcireo
2278 1993 2672 2070 diminutivo
2734 2017 2895 2060 usus
2966 1997 3151 2062 esse?
3210 2055 3216 2063 .

663 2113 914 2199 Aptum
968 2112 1126 2178 huic
1177 2110 1436 2178 dicendi
1489 2111 1713 2195 generi
1756 2111 2145 2178 vocabulum
2195 2118 2295 2179 est
2336 2114 2511 2198 apud
2559 2114 2779 2200 ipsum
2816 2115 3146 2182 Tullium:

666 2232 1156 2318 »Thucydidem
1221 2232 1349 2298 hoe
1405 2231 1698 2310 forense,
1758 2233 2265 2298 commentorium
2279 2279 2303 2311 ,
2362 2230 2671 2302 iudiciale
2733 2257 2939 2320 genus
3012 2257 3149 2300 non

663 2351 1021 2418 tractasse”
1055 2363 1074 2402 1
1087 2350 1206 2439 ⁰⁹).
1299 2350 1606 2435 Denique
1652 2350 1779 2418 hoe
1832 2350 2225 2418 adiectivum
2273 2357 2501 2420 nostro
2550 2353 2701 2420 loeo·
2742 2354 2987 2421 insulse
3032 2376 3149 2440 po-

667 2472 850 2538 nitur
863 2519 886 2551 ,
945 2492 1022 2538 ae
1073 2469 1132 2536 si
1179 2491 1382 2554 genus
1445 2468 1777 2554 quoddam
1846 2469 2104 2536 dicendi
2165 2469 2475 2540 iudiciale
2524 2477 2695 2540 esset
2736 2495 2871 2540 non
2910 2473 3150 2542 refrae-

669 2591 1003 2658 tariolum.

757 2712 1062 2778 Alterum
1110 2715 1239 2778 est:
1289 2731 1331 2773 α
1371 2707 1614 2773 dicendi
1654 2726 1879 2793 yenere
1914 2727 1980 2773 se
2026 2707 2374 2793 abiunyere.
2448 2710 2599 2777 Qua
2642 2708 2713 2775 in
2757 2730 2831 2776 re
2872 2709 3151 2797 Madvig

661 2831 940 2899 miratur
999 2828 1321 2897 Orellium
1370 2849 1507 2893 non
1554 2827 1931 2897 meminisse
1986 2850 2247 2915 prorsus
2299 2829 2554 2896 eodem·
2590 2828 2787 2895 modo
2844 2828 3017 2894 dici:
3069 2831 3153 2896 ab

659 2950 1065 3019 orationibus
1125 2947 1432 3033 disiunge
1483 2967 1592 3013 me
1635 2947 1775 3015 fere
1817 2960 1837 2999 ¹
1852 2950 1966 3033 1⁰).
2058 2948 2319 3015 Quodsi
2382 2947 2689 3034 disiungo
2742 2954 2811 3015 et
2858 2950 3147 3034 abiungo

659 3091 924 3155 prorsus
964 3068 1141 3134 idem
1195 3074 1331 3144 est,
1382 3066 1593 3133 valeat
1634 3066 1835 3133 etiam
1877 3067 2003 3135 hoc
2043 3073 2459 3153 praeceptum
2505 3066 2587 3133 de
2634 3066 2873 3133 abiieio
2890 3116 2913 3146 ,
2967 3068 3148 3133 disii-

661 3188 764 3253 cio
779 3235 800 3266 ,
830 3185 1080 3263 adimo,
1111 3184 1348 3249 dirimo
1365 3230 1386 3261 ‚
1425 3184 1749 3250 similibus
1763 3211 1784 3265 3
1828 3193 1895 3251 et
1934 3188 2147 3254 omnis
2174 3187 2730 3275 praepositionum
2768 3188 2864 3253 vis
2892 3188 3149 3255 sublata

667 3305 812 3373 erit.
905 3302 1087 3370 Quid
1132 3322 1286 3369 vero
1342 3301 1430 3367 sit
1471 3301 1827 3386 abiungere
1840 3351 1863 3381 ,
1912 3305 2220 3373 docemur
2267 3308 2393 3373 hoc
2437 3308 2835 3393 Virgiliano:

2106 3424 2163 3491 it
2206 3426 2414 3491 tristis
2460 3432 2679 3492 arator

885 3548 1286 3611 maerentem
1327 3542 1688 3627 abiungens
1733 3542 2019 3610 fratema
2064 3550 2277 3611 morte
2318 3543 2669 3611 iuvencum
2704 3557 2761 3599 11
2774 3549 2875 3632 1),

667 3664 776 3731 eui
818 3664 1210 3751 opponitur:
1251 3662 1608 3747 adiungere
1655 3666 1807 3749 1¹²).

753 3784 1050 3851 Tertium
1119 3790 1219 3851 est
1265 3786 1657 3868 involyaruut
1668 3830 1690 3863 ,
1746 3805 1878 3868 quo
1940 3784 2235 3850 Gellium
2286 3796 2307 3835 1
2324 3796 2343 3833 1
2358 3788 2411 3869 ³)
2476 3788 2707 3869 quater
2759 3805 2953 3861 usum
3012 3806 3151 3851 esse

663 3900 958 3969 defendit
1007 3904 1242 3986 Hagen
1277 3906 1404 3988 1¹⁴)
1461 3905 1646 3986 (nam
1689 3901 1963 3986 Madvig
2007 3903 2089 3967 de
2133 3902 2258 3968 hoe
2290 3902 2611 3969 vocabulo
2654 3924 2789 3968 non
2822 3901 3022 3993 agit),
3066 3924 3151 3967 ne

719 4152 806 4222 1⁰⁹)
840 4152 946 4207 Cic’.
993 4154 1140 4207 Brut.
1187 4158 1270 4204 83.
1313 4154 1340 4219 §
1389 4156 1508 4208 287.
1552 4156 1641 4207 ubi
1687 4157 1861 4209 vocab.
1904 4154 2129 4209 iudiciale
2176 4159 2243 4209 ab
2276 4159 2634 4225 interpolatore
2668 4160 2959 4225 explicandi
2993 4159 3156 4225 gratia

655 4241 881 4291 additum
917 4244 1007 4291 est.

723 4322 810 4390 ¹1⁰)
846 4324 952 4379 Cic.
988 4325 1055 4376 ad
1087 4312 1316 4375 Fami.
1355 4328 1402 4373 9.
1439 4323 1466 4388 5
1503 4328 1586 4374 23.

725 4408 812 4477 111)
845 4412 994 4475 Virg.
1027 4409 1212 4474 Gom-g.
1249 4410 1352 4461 ΙΙΙ.
1389 4413 1510 4462 517.

727 4494 814 4564 1¹²)
849 4496 1029 4547 Horat.
1067 4494 1174 4547 Sat.
1210 4496 1283 4546 11.
1323 4500 1372 4545 3.
1412 4498 1530 4545 247.
1567 4494 1682 4546 Tib.
1720 4495 1763 4545 1.
1810 4502 1886 4547 10.
1931 4498 1975 4545 7.

723 4576 808 4645 1¹⁵)
843 4578 976 4631 Gell.
1012 4579 1080 4631 N.
1120 4579 1188 4629 A.
1225 4578 1380 4641 praef.
1417 4578 1444 4643 ᾗ
1483 4583 1561 4628 14.
1597 4580 1677 4629 ed.
1715 4579 1913 4632 Teubn.
1950 4582 2053 4635 IV.
2095 4586 2138 4631 9.
2181 4582 2205 4645 ᾗ
2244 4586 2289 4631 9.
2328 4580 2426 4633 ΧΙ.
2471 4583 2515 4631 7.
2553 4580 2661 4633 init.
2701 4579 2825 4631 XX.
2867 4584 2914 4631 5.
2951 4580 2977 4647 §
3015 4584 3063 4631 8.

725 4659 811 4730 m)
847 4663 1034 4729 Hagen
1069 4662 1132 4715 de
1167 4660 1270 4715 Cic.
1307 4660 1613 4717 Catilinariis
1649 4678 1699 4729 p.
1738 4669 1822 4717 23.
