3375 5500
1468 394 1555 456 43

284 602 505 675 vidiae
552 599 869 672 incendio
911 600 1494 697 conflagraturum
1509 600 1589 670 ?''
1690 599 1827 671 His
1862 624 1991 696 ego
2030 599 2474 674 sanctissimis
2510 602 2736 701 reipu-

287 731 502 802 blicae
565 727 846 803 vocibus
919 737 989 802 et
1049 751 1286 800 eorum
1350 726 1751 814 hominum,
1791 727 1925 824 'qui
1974 727 2100 800 hoc
2159 728 2345 801 idem
2392 730 2737 817 sentiunt,

284 858 636 932 mentibus
705 881 928 956 pauca
1000 855 1448 954 respondebo,
1549 857 1736 952 Ego,
1807 855 1865 927 si
1940 855 2067 928 hoc
2130 856 2474 952 optimum
2547 859 2737 933 factu

280 987 691 1072 iudicarem,
745 995 974 1082 patres
1025 984 1426 1080 conscripti,
1479 983 1852 1056 Catilinam
1902 993 2120 1055 morte
2168 984 2481 1070 multari,
2528 986 2739 1060 unius

281 1141 566 1188 usuram
637 1115 843 1186 horae
911 1112 1273 1211 gladiatori
1340 1111 1460 1184 isti
1545 1112 1634 1185 ad
1711 1111 2080 1185 vivendum
2155 1137 2291 1185 non
2362 1113 2727 1188 dedissem.

280 1244 560 1316 Etenim
632 1243 690 1314 si
761 1242 1016 1314 summi
1081 1241 1206 1313 viri
1283 1250 1352 1313 et
1426 1240 1783 1313 clarissimi
1847 1241 2027 1314 cives
2092 1243 2187 1332 ⁶8)
2262 1242 2616 1315 Saturnini
2668 1251 2738 1315 et

281 1371 748 1444 Gracchorum
787 1379 854 1443 et
885 1369 1112 1442 Flacci
1155 1379 1223 1442 et
1260 1369 1688 1466 superiorum
1727 1369 2183 1467 complurium
2224 1371 2557 1467 sanguine
2598 1397 2737 1444 non

279 1500 488 1573 modo
559 1525 630 1572 se
694 1523 832 1571 non
904 1497 1503 1583 contaminarunt,
1572 1497 1694 1570 sed
1744 1497 1951 1570 etiam
2016 1497 2504 1586 honestarunt,
2552 1509 2735 1572 certe

280 1627 653 1702 verendum
698 1626 871 1700 mihi
924 1651 1063 1699 non
1115 1634 1294 1712 erat,
1347 1650 1432 1698 ne
1491 1626 1696 1722 quid,
1767 1625 1895 1698 hoc
1950 1625 2287 1722 parricida
2325 1626 2575 1700 civium
2628 1628 2733 1701 in-

281 1757 598 1842 terfecto,
639 1755 936 1828 invidiae
975 1754 1144 1828 mihi
1175 1755 1269 1845 69)
1311 1755 1384 1826 111
1415 1754 1887 1852 posteritatem
1920 1753 2358 1828 redundaret.
2462 1756 2735 1833 Quodsi

281 1911 359 1957 ea
417 1884 590 1956 mihi
641 1882 942 1956 maxime
1003 1881 1474 1979 impenderet,
1536 1889 1769 1954 tamen
1828 1881 1957 1954 hoo
2003 1881 2233 1954 animo
2284 1908 2553 1981 semper
2593 1885 2731 1972 fui,

279 2021 356 2086 ut
415 2011 748 2085 invidiam
811 2011 1059 2084 virtute
1119 2019 1390 2108 partam
1442 2010 1767 2108 gloriam,
1817 2034 1963 2104 11011
2010 2010 2341 2084 invidiam
2393 2019 2729 2108 putarem.

285 2145 394 2215 30.
448 2143 894 2237 Quamquam
930 2139 1246 2213 nonnulli
1287 2147 1449 2212 sunt
1485 2138 1558 2211 in
1597 2139 1726 2212 hoc
1765 2139 2037 2226 ordine,
2083 2140 2204 2236 qui
2243 2149 2365 2214 aut
2400 2166 2513 2229 ea,
2555 2166 2731 2238 quae

278 2271 680 2356 imminent,
751 2293 890 2341 non
953 2269 1272 2356 videant,
1333 2278 1456 2341 aut
1521 2292 1638 2354 ea,
1712 2293 1889 2364 quae
1957 2268 2193 2341 vident
2255 2268 2728 2358 dissimulent,

385 2429 448 2498 ⁶⁸)
483 2434 525 2482 si
559 2433 742 2482 summi
777 2439 827 2480 et
863 2430 1122 2480 clarissimi
1155 2430 1269 2479 viri.
1406 2425 1474 2493 ⁶⁹)
1510 2427 1652 2477 mihi.
1688 2429 1833 2478 omis·

352 2705 462 2769 His
524 2725 622 2786 090
685 2703 1060 2765 sanctissimis
1125 2701 1474 2781 reipublicae
1528 2700 1759 2761 'vocibus
2114 2699 2423 2762 crudeliter
2476 2709 2527 2763 et
2582 2704 2737 2782 reqie

269 2806 490 2883 factum
554 2823 671 2863 esse
731 2802 997 2861 dicerent.
1101 2834 1182 2873 ··-.·
1233 2798 1516 2858 mentibus
1571 2814 1765 2875 pauca
1826 2796 2181 2873 respondebo,
2286 2796 2435 2869 Novi
2499 2801 2645 2878 quid
2701 2822 2733 2861 a

266 2900 510 2962 rhetore
555 2899 892 2959 invenitur:
941 2916 1079 2955 nain
1123 2896 1384 2954 solemus
1421 2895 1614 2953 solum
1650 2894 1725 2953 iis
1766 2893 2159 2971 respondere,
2202 2896 2305 2972 qui
2341 2896 2525 2955 locuti
2562 2910 2734 2965 sunt,

255 3018 385 3058 non
423 2998 677 3057 aliorum
709 2993 1030 3054 mentibus
1112 3026 1195 3035 -
1227 2990 1305 3049 ad
1337 2989 1648 3049 vivendum.
1714 2986 1874 3047 Haec
1904 3006 2062 3048 voce.
2100 2990 2425 3049 abundant.
2499 3026 2581 3035 --
2621 3012 2735 3051 non

262 3094 429 3155 modo
480 3112 538 3153 se
585 3110 701 3151 non
749 3088 1244 3154 contaminarunt,
1301 3086 1398 3145 sed
1461 3085 1633 3145 etiam
1683 3084 2071 3144 honestarunt.
2156 3083 2279 3145 Iam
2320 3086 2383 3145 id
2427 3088 2733 3167 aliquanto

261 3191 520 3250 nimium
586 3196 710 3256 est,
766 3186 997 3246 dicere:
1055 3202 1156 3243 »se
1207 3183 1530 3242 honestare
1594 3181 1846 3240 alicuius
1902 3182 2194 3260 sanguine
2209 3180 2261 3250 ;”
2316 3184 2419 3262 qui
2470 3203 2614 3245 vero
2669 3186 2733 3244 in

259 3284 618 3345 memoriam
661 3290 904 3342 revocat
948 3299 1050 3347 ea,
1107 3296 1258 3357 quae
1303 3278 1378 3337 de
1405 3276 1511 3336 -Ti.
1556 3274 1823 3336 Graccho
1864 3276 2025 3336 dicta
2067 3287 2235 3336 sunt:
2286 3298 2468 3338 »eum
2507 3281 2747 3349 medio-v

259 3382 452 3441 criter
506 3378 895 3439 labefactasse
951 3375 1320 3455 reipublicae
1377 3374 1670 3443 statum‚’'
1714 3374 1810 3434 vel
1867 3373 1943 3433 de
1987 3373 2127 3434 Caio
2170 3375 2387 3444 fratre;
2444 3386 2733 3455 »propter

259 3475 554 3555 quasdam
598 3474 962 3555 seditionum
997 3470 1401 3551 suspiciones’'
1443 3471 1522 3539 is,
1564 3471 1628 3530 ni
1671 3470 1878 3538 fallor,
1919 3470 2181 3529 libenter
2214 3470 2363 3531 mihi
2400 3470 2567 3531 dabit
2604 3489 2731 3530 ora-

261 3582 462 3631 torem
499 3570 613 3630 sibi
648 3589 770 3630 non
807 3579 1084 3629 constare
1121 3586 1378 3647 eumque
1416 3568 1673 3646 fugisse,
1699 3585 1851 3645 quae
1876 3586 2053 3645 supra
2076 3568 2341 3627 dixisset.
2403 3602 2483 3612 —
2505 3587 2576 3627 ne
2596 3566 2733 3645 quid

257 3703 342 3713 —
383 3666 650 3727 invidiae.
734 3664 1066 3727 Dicendum
1109 3666 1321 3724 suisset
1363 3682 1435 3723 ne
1482 3681 1597 3742 qua
1637 3662 1873 3721 invidia.
1956 3661 2089 3722 »Ne
2133 3664 2279 3741 quid
2318 3696 2401 3707 -—
2433 3660 2731 3721 invidiae’'

257 3774 428 3824 recte
495 3780 624 3822 sese
678 3761 931 3823 haberet
981 3764 1044 3822 in
1101 3762 1442 3841 partitione.
1525 3792 1608 3803 —
1646 3757 1793 3816 mihi
1834 3756 1898 3816 in
1932 3756 2319 3834 posteritatem
2366 3756 2728 3815 redundaret.

259 3858 342 3918 At
388 3857 614 3936 aliquid
667 3876 792 3917 non
847 3856 1132 3916 redundat
1181 3853 1398 3922 alicui,
1455 3853 1560 3912 sed
1610 3852 1675 3911 in
1722 3851 1983 3930 aliquem.
2065 3884 2149 3895 —
2181 3850 2486 3929 parricida
2525 3850 2732 3911 civium

257 3953 576 4031 interfecto.
641 3952 941 4012 Parricida
985 3954 1204 4014 civium
1247 3968 1424 4009 nemo
1461 3958 1568 4008 est.
1653 3946 1769 4006 Per
1802 3947 2139 4005 convicium
2180 3945 2387 4006 Cicero
2429 3966 2554 4007 voc.
2592 3964 2730 4025 para

257 4048 453 4109 ricida
493 4049 691 4108 utitur
732 4067 838 4127 pro
882 4046 1016 4107 Sest
1061 4050 1136 4107 52
1171 4048 1220 4127 S
1254 4048 1400 4105 111:
1443 4047 1532 4121 »js
1569 4044 1642 4104 de
1677 4063 1776 4103 me
1812 4042 2164 4121 suffragium
2206 4045 2378 4113 tulit,
2420 4046 2473 4105 is
2506 4044 2732 4113 adsuit,

260 4147 313 4204 is
337 4144 618 4204 interfuit
639 4145 831 4223 epulis
854 4153 916 4203 et
940 4144 1314 4223 grationibus
1337 4141 1769 4222 parricidarum
1790 4174 1870 4185 --
1891 4140 2030 4218 qui”
2052 4149 2192 4199 cett.
2217 4141 2281 4199 in
2296 4160 2501 4201 servos
2522 4140 2729 4199 Clodii.

261 4238 362 4300 Sic
404 4251 569 4300 recte
606 4240 834 4318 patriae
871 4240 1256 4319 parricicida,
1299 4250 1360 4300 et
1390 4240 1619 4318 patriae
1651 4237 2039 4317 parricidium
2074 4239 2309 4315 saepius
2338 4238 2587 4315 legitur,
2625 4236 2731 4295 sed

259 4335 472 4395 civium
499 4334 834 4413 parricida,
876 4354 1220 4413 numquam.
1303 4370 1385 4379 —
1425 4334 1704 4395 invidia-m
1738 4334 1945 4394 virtute
1979 4340 2227 4411 partam.
2292 4333 2475 4394 Recte
2510 4335 2734 4394 dicitur

263 4429 484 4490 Latine
510 4430 755 4509 qloriam
792 4430 901 4490 sibi
926 4448 1170 4509 parere,·
1217 4441 1276 4490 at
1315 4432 1603 4490 invidiam
1637 4449 1849 4509 parere
1887 4448 2009 4491 non
2045 4430 2207 4490 item.
2272 4428 2521 4488 Romani
2558 4430 2620 4487 in
2658 4447 2731 4487 ea

263 4546 333 4585 re
391 4528 672 4587 dicebant
727 4527 979 4605 conflare
1033 4525 1336 4594 invidiam,
1396 4527 1557 4604 quod
1615 4526 1799 4585 etiam
1854 4544 1887 4584 a
1936 4525 2180 4586 rhetore
2222 4536 2429 4586 nostro
2471 4525 2732 4603 positum

264 4632 360 4681 est
403 4622 452 4703 ὅ
491 4624 586 4683 23.
669 4656 749 4666 -—
791 4622 890 4700 qui
943 4628 1046 4683 aut
1103 4638 1200 4689 ea,
1257 4640 1402 4700 quae
1455 4620 1751 4681 imminent
1806 4641 1921 4681 non
1972 4623 2223 4691 videant,
2281 4625 2383 4679 aut
2436 4636 2534 4685 ea,
2589 4634 2735 4696 quae

263 4716 485 4787 vident,
556 4718 930 4779 dissimulent.
1035 4716 1251 4777 Orator
1313 4717 1461 4795 quid
1522 4717 1747 4776 dixerit
1810 4716 1937 4796 ipse
2000 4738 2123 4779 non
2184 4718 2411 4797 cepisse
2474 4712 2731 4775 videtur.
