3375 5500
1583 387 1667 448 65

1493 591 1743 657 XLIV.

479 742 681 810 Facili
736 741 1000 826 negotio
1044 741 1238 808 verba
1275 740 1448 806 Livii
1488 739 1742 806 XXIV.
1797 745 1873 807 9:
1938 767 1974 800 ιι
1991 741 2327 808 Praesenti
2377 741 2579 808 Fabio
2597 790 2618 820 ,
2664 750 2858 829 atque

383 867 517 947 ipso
550 862 817 928 comitia
849 859 1142 924 habeute⁹²
1190 860 1283 925 sic
1320 857 1702 944 corrigenda
1734 867 1921 926 suntz
1973 887 2007 920 ιι
2029 859 2367 926 Praesenti
2413 859 2615 926 Fabio
2663 868 2857 947 atque

383 985 506 1066 ipsi
547 982 814 1049 comitia
856 978 1165 1044 habenti?

1515 1069 1726 1137 XLV.

477 1221 674 1306 Apud
725 1220 868 1285 Liv.
922 1218 1135 1284 XXV.
1189 1221 1308 1297 12,
1355 1220 1426 1284 in
1467 1219 1660 1285 initio
1693 1219 1925 1304 prioris
1969 1219 2271 1285 carminis
2290 1267 2311 1297 ‚
2357 1242 2487 1304 quo
2533 1221 2861 1306 praedicta

383 1340 744 1406 Cannensis
815 1337 1030 1404 clades
1106 1343 1278 1404 erat:
1359 1364 1394 1398 ιι
1415 1338 1700 1404 Amnem
1772 1337 2141 1423 Troiugena
2214 1340 2507 1406 Cannam
2587 1344 2860 1406 Romane

385 1457 621 1543 fuge,”
663 1480 801 1524 voc.
849 1459 1123 1521 Romane
1164 1457 1523 1524 insiticium
1570 1465 1684 1524 est.

1492 1634 1739 1701 XLVI.

479 1815 733 1882 Vitiose
764 1815 979 1882 editur
1004 1815 1178 1901 apud
1206 1814 1466 1880 Livium
1514 1814 1834 1880 XXXIV.
1878 1817 1938 1880 1.
1988 1843 2023 1875 ιι
2046 1817 2313 1883 Tulerat
2342 1837 2477 1881 eam
2502 1817 2580 1881 C.
2610 1817 2857 1903 Oppius

387 1934 688 2002 tribunus
736 1935 823 2021 pl.
882 1935 954 1999 in
1013 1934 1233 2001 medio
1281 1934 1510 2001 ardore
1561 1934 1798 2000 Punici
1862 1935 2054 2012 belli,
2114 1955 2189 1999 ne
2246 1956 2368 2020 qna
2426 1937 2645 2000 mulier
2704 1940 2857 2001 cett.

393 2053 774 2138 Legendum
819 2060 954 2120 est:
1002 2054 1185 2120 Tulit
1230 2055 1388 2118 enim
1431 2054 1510 2120 C.
1555 2053 1806 2139 Oppius
1850 2058 2002 2119 cett.

1485 2231 1774 2296 XLVII.

479 2411 675 2496 Apud
718 2409 1070 2494 Virgilium
1117 2411 1282 2477 Aen.
1331 2410 1429 2476 ΙΙ.
1477 2413 1606 2476 281
1656 2434 1795 2496 sqq.

705 2555 742 2589 ιι
762 2529 821 2593 O
867 2530 979 2596 lux
1024 2529 1432 2610 Dardaniae,
1477 2553 1621 2617 spes
1668 2553 1708 2596 o
1753 2529 2069 2597 fidissima
2109 2532 2428 2597 Teucrum

705 2649 894 2715 Quae
935 2655 1159 2715 tantae
1200 2656 1470 2718 tenuere
1515 2650 1777 2716 morae?
1824 2650 2056 2735 quibus
2106 2650 2356 2716 Hector
2398 2649 2480 2714 ab
2525 2650 2653 2717 oris

704 2770 1091 2854 Exspectate
1134 2770 1358 2837 venis?
1402 2778 1479 2835 ut
1522 2776 1588 2837 te
1633 2777 1782 2855 post
1822 2770 2033 2837 multa
2074 2776 2339 2836 tuorum

704 2888 992 2964 Funera,
1037 2895 1185 2973 post
1229 2889 1437 2953 varios
1481 2889 1953 2973 hominumque
1993 2888 2301 2974 urbisque
2343 2889 2591 2955 labores

705 3005 964 3072 Defessi
1008 3006 1432 3092 adspicimus!
1481 3028 1647 3091 quae
1692 3028 1887 3073 causa
1931 3006 2201 3091 indigna
2244 3028 2503 3073 serenos

703 3126 1015 3194 Foedavit
1057 3127 1318 3192 vultus?
1365 3132 1482 3192 aut
1523 3148 1639 3193 cur
1682 3127 1843 3192 haec
1887 3125 2155 3191 vulnera
2198 3128 2441 3192 cerno?

391 3246 738 3315 vocabula:

1493 3389 1528 3425 ιι
1547 3370 1626 3431 ut
1663 3372 1733 3432 te
1775 3373 1925 3452 post
1965 3360 2174 3433 m'ulta
2214 3374 2478 3434 tuorum

705 3485 963 3551 Funera
977 3531 998 3563 ,
1041 3489 1189 3571 post
1232 3484 1442 3550 varios
1488 3484 1961 3570 hominumque
2004 3485 2311 3571 urbisque
2353 3486 2604 3553 labores

707 3603 965 3670 Defessi
1009 3601 1397 3690 adspicimus
1413 3602 1477 3667 !”

397 3724 713 3794 eiicienda
753 3730 926 3789 sunt.

1461 3810 1789 3875 XLVIII.

485 3960 682 4049 Apud
740 3964 921 4029 Suet.
969 3962 1114 4027 Oct.
1169 3962 1291 4025 29:
1343 3987 1379 4019 ιι
1403 3959 1651 4027 Aedem
1698 3960 1901 4025 Marti
1946 3959 2117 4025 bello
2168 3961 2549 4045 Philippensi
2600 3986 2716 4050 pro
2760 3968 2859 4031 ul-

395 4083 578 4149 tione
647 4087 918 4167 paterna
995 4085 1292 4165 suscepto
1368 4078 1695 4147 voverat.’'
1786 4078 1888 4143 Ex
1949 4086 2099 4165 post
2153 4080 2326 4147 facto
2382 4082 2676 4150 additum
2722 4090 2857 4151 est:

397 4200 797 4285 Philippensi.

1503 4288 1753 4353 XLIX.

488 4436 687 4523 Apud
713 4436 863 4501 Val.
891 4433 1073 4501 Max.
1103 4437 1162 4503 Ι.
1193 4459 1281 4503 ιν.
1314 4439 1350 4522 ς
1382 4438 1444 4501 2.
1475 4458 1809 4523 perperam
1836 4436 2086 4504 editum
2116 4445 2243 4505 est:
2278 4464 2314 4499 ιι
2336 4437 2571 4524 quibus
2596 4440 2869 4505 omnibus

401 4555 790 4641 contemptis
808 4601 829 4633 ,
873 4577 913 4621 a
959 4554 1263 4641 Scipione
1305 4553 1584 4634 Nasica,
1634 4556 1944 4641 pontifice
1985 4556 2273 4625 maximo
2320 4554 2625 4624 decussus
2675 4558 2867 4644 Capi-

398 4672 563 4739 tolio
605 4710 696 4725 —
737 4674 1102 4759 procubuit.
1198 4674 1622 4742 Scribendum
1668 4683 1800 4743 est:
1848 4677 2162 4747 ominibus.
