3375 5500
1541 395 1628 457 63

1425 597 1718 664 XXXII.

430 747 835 815 Quantocius
906 746 1256 812 reiicienda
1329 755 1428 824 est
1482 747 1835 813 Niebuhrii
1908 750 2279 814 coniectura
2326 749 2394 812 in
2445 750 2580 815 Cic.
2633 750 2812 817 Orat.

339 889 403 952 p.
452 868 628 933 Mur.
687 867 791 930 11.
848 867 884 950 ξ,
933 869 1040 930 25.
1094 866 1402 950 legentis:
1475 893 1507 926 n
1529 867 1618 932 Et
1666 868 1749 933 ab
1788 868 1945 953 ipsis
2000 871 2201 952 capsis
2251 871 2814 934 iurisconsultorum

337 985 726 1069 sapientiam
791 985 1158 1070 compilarit
1177 985 1243 1063 ,”
1307 1007 1426 1070 pro
1494 1008 1570 1051 eo
1590 1034 1610 1064 ,
1673 988 1850 1072 quod
1912 995 2223 1054 rectene
2266 989 2497 1055 habet:
2567 1015 2600 1048 n
2617 995 2683 1054 et
2726 988 2809 1053 ab

337 1102 494 1188 ipsis
546 1105 744 1167 cautis
785 1105 1230 1167 iurisconsultis
1271 1124 1479 1168 eorum
1525 1105 1910 1190 sapientiam
1964 1107 2396 1192 compilarit.”

1410 1282 1741 1347 XXXIII.

429 1459 625 1546 Apud
680 1460 815 1525 Cic.
863 1482 924 1544 p.
970 1460 1146 1525 Mur.
1194 1461 1302 1524 22.
1353 1463 1392 1544 ᾧ
1439 1462 1562 1525 46:
1631 1489 1664 1520 n
1681 1461 1921 1546 Itaque
1972 1461 2065 1526 sic
2118 1467 2375 1540 statuo,
2438 1460 2578 1527 fieri
2628 1463 2811 1526 nullo

338 1578 538 1644 modo
584 1600 807 1664 posse,
871 1583 948 1642 nt
997 1578 1175 1644 idem
1221 1579 1699 1646 accusationem
1747 1588 1815 1646 et
1854 1580 2238 1666 petitionem
2281 1582 2623 1644 consulatus
2666 1580 2813 1644 dili-

339 1706 567 1782 genter
609 1697 882 1764 adornet
925 1704 1120 1782 atque
1169 1697 1510 1765 instruat.’'
1583 1701 1801 1765 Sciolo
1854 1699 2125 1766 debetur
2170 1701 2547 1778 consulatus,
2592 1700 2813 1784 itaque

341 1817 859 1902 expungendum.

1420 1937 1738 2002 XXXIV.

429 2115 627 2201 Apud
691 2116 827 2181 Cic.
884 2139 946 2201 p.
1015 2116 1194 2201 Sylla
1247 2119 1349 2182 17.
1398 2120 1434 2203 ᾧ
1485 2120 1596 2184 49.
1651 2123 1841 2202 turpe
1896 2117 2215 2200 glossema
2256 2117 2621 2184 tollendum
2682 2126 2813 2184 est:

348 2263 382 2292 n
406 2236 572 2300 Cum
644 2236 852 2300 honos
926 2235 1236 2319 agebatur
1311 2237 1745 2321 amplissimus
1809 2236 2095 2302 familiae
2158 2242 2444 2313 vestrae,
2503 2236 2627 2301 hoc
2682 2243 2817 2312 est,

343 2354 718 2419 consulatus
753 2354 1036 2440 parentis
1074 2355 1211 2431 tui,
1257 2355 1771 2439 sapientissimus
1812 2355 1908 2420 vir
1941 2355 2459 2420 familiarissimis
2505 2355 2639 2420 suis
2684 2377 2817 2419 non

344 2475 713 2540 succensuit
751 2479 938 2557 pater
986 2479 1145 2538 tuus.
1239 2475 1493 2540 Ultima
1545 2475 1717 2540 enim
1773 2496 1947 2540 vocc.
1994 2475 2385 2560 interpolata
2428 2482 2599 2540 sunt.

1440 2680 1717 2745 XXXV.

432 2890 625 2975 Apud
683 2890 818 2955 οἱα.
864 2912 926 2975 p.
982 2889 1206 2956 Caelio
1264 2892 1327 2957 2.
1374 2893 1410 2975 ς
1459 2894 1542 2954 3:
1614 2914 1647 2949 a
1670 2888 1775 2955 De
1831 2887 2145 2972 dignitate
2186 2859 2286 2950 Μ.
2339 2885 2599 2951 caelius
2650 2884 2821 2948 nobis

343 3029 420 3074 ac
466 3008 798 3073 maioribus
858 3015 1009 3073 natu
1071 3010 1268 3074 etiam
1333 3009 1474 3076 sine
1539 3030 1685 3073 mea
1741 3006 2071 3083 oratione,
2114 3004 2389 3083 tacitus,
2435 3004 2625 3070 facile
2681 3004 2819 3088 ipse

342 3128 826 3213 respondebit.''
917 3130 1129 3213 Lege:
1185 3128 1399 3192 taenobis
1445 3127 1779 3191 maioribus
1821 3124 2037 3189 natu.''

1420 3305 1738 3371 XXXVI.

436 3484 634 3569 Apud
689 3484 826 3549 Cic.
877 3504 939 3569 p.
983 3485 1252 3551 Plancio
1322 3486 1425 3549 18.
1484 3485 1520 3568 ᾧ
1585 3488 1712 3548 45:
1795 3480 2224 3547 nDeeuriatio
2283 3479 2656 3559 tribulium,
2715 3480 2825 3547 de-

344 3604 608 3689 scriptio
666 3602 929 3688 populi,
990 3604 1300 3688 suffragia
1347 3602 1694 3688 largitione
1747 3602 2045 3669 devincta
2090 3600 2499 3665 severitatem
2556 3605 2819 3665 senatus

346 3729 418 3789 et
461 3722 780 3789 bonorum
838 3722 1131 3788 omnium
1179 3724 1305 3787 vim
1359 3742 1433 3785 ac
1472 3723 1739 3785 dolorem
1778 3719 2189 3784 eoecitarunt.”
2279 3719 2491 3801 Lege:
2537 3719 2701 3781 iram
2749 3738 2823 3780 ac

347 3841 612 3905 dolorem
656 3842 1020 3905 eaecitarunt.

1408 4018 1766 4082 XXXVII.

438 4198 632 4283 Apud
683 4198 818 4263 Cic.
869 4221 930 4282 p.
983 4198 1130 4261 Mil.
1185 4202 1246 4261 2.
1291 4201 1325 4283 ῤ
1374 4203 1452 4263 3:
1521 4224 1554 4259 n
1579 4199 1804 4263 Unum
1850 4216 2053 4280 genus
2097 4200 2195 4258 est
2239 4192 2577 4258 adversum
2621 4190 2821 4255 infes-

347 4324 621 4402 tumque
688 4314 878 4381 nobis
937 4337 1198 4394 eorum,
1258 4339 1420 4401 quos
1473 4320 1547 4381 P.
1599 4316 1818 4382 Clodii
1873 4315 2053 4379 furor
2099 4311 2340 4397 rapinis
2393 4316 2459 4375 et
2504 4307 2821 4374 incendiis

347 4442 416 4501 et
479 4434 780 4500 omnibus
856 4434 1070 4499 exitiis
1136 4435 1411 4520 publicis
1481 4432 1724 4522 pavit.'’
1784 4472 1872 4484 -—-
1934 4431 2472 4516 Interpunctione
2530 4434 2783 4492 mutata
2800 4474 2822 4503 ‚

345 4554 759 4621 scribendum
805 4561 936 4620 est:
1003 4582 1036 4615 n
1059 4556 1290 4621 Unum
1331 4578 1535 4641 genus
1583 4564 1682 4622 est
1733 4554 2071 4620 adversum
2109 4551 2551 4634 infestumque
2591 4544 2819 4623 nobis3

350 4694 574 4740 eorum
597 4720 616 4751 ,
663 4694 826 4758 quos
869 4713 959 4725 -
1004 4673 1247 4760 pavit.'’

2374 4790 2417 4849 8
