3375 5500
1816 425 1901 486 28

618 661 946 741 agnoscas
1011 633 1248 709 odium
1323 620 1638 708 omnium
1697 630 1965 704 iustum
2024 635 2095 702 et
2155 629 2295 704 iam
2356 630 2479 704 diu
2541 631 2672 704 tibi
2720 629 3033 706 debitum
3056 691 3087 720 ‚

615 768 896 844 dubitas
910 823 931 853 ,
1002 786 1300 863 quorum
1358 769 1624 836 mentes
1671 783 2053 857 sensusque
2100 757 2416 832 vulneras
2434 815 2455 845 ,
2506 784 2743 833 eorum
2790 760 3085 861 adspec-

613 905 768 970 tum
833 891 1432 994 praesentiamque
1505 889 1767 964 vitare?
1868 887 1944 962 Si
2005 894 2074 962 te
2130 893 2448 986 parentes
2494 887 2814 962 timerent
2864 895 3085 986 atque

616 1025 926 1102 odissent
963 1022 1104 1110 tui,
1150 1046 1380 1120 neque
1419 1043 1536 1094 eos
1578 1019 1723 1094 ulla
1752 1017 2015 1093 ratione
2055 1017 2322 1116 placare
2362 1041 2597 1116 posses
2612 1075 2632 1106 ,
2676 1024 2759 1090 ut
2790 1015 3038 1115 opinor
3056 1075 3081 1105 ,

618 1154 708 1230 ab
779 1177 1018 1228 eorum
1091 1149 1310 1226 oculis
1359 1149 1590 1247 aliquo
1655 1145 2093 1235 concederes,
2168 1169 2354 1220 nunc
2422 1151 2493 1220 te
2566 1144 2788 1244 patria
2806 1201 2827 1234 ,
2900 1170 3087 1242 quae

618 1279 1008 1358 communis
1081 1285 1188 1353 est
1251 1277 1568 1352 omnium
1619 1281 1937 1349 nostrum
1983 1297 2231 1373 parens
2278 1273 2411 1365 ⁴²),
2460 1272 2609 1347 odit
2652 1298 2731 1347 ac
2782 1275 3078 1363 metuit,

620 1419 691 1486 et
749 1407 1017 1484 iamdiu
1081 1413 1148 1480 te
1211 1404 1390 1479 nihil
1450 1403 1715 1479 iudicat
1777 1402 1914 1477 nisi
1970 1402 2059 1476 de
2132 1400 2495 1501 parricidio
2563 1426 2689 1476 suo
2748 1401 3075 1502 cogitare.

618 1538 856 1613 Huius
892 1542 977 1609 tu
1012 1559 1242 1634 neque
1275 1532 1755 1608 auctoritatem
1792 1531 2111 1608 verebere
2146 1555 2373 1630 neque
2411 1530 2749 1605 iudicium
2786 1557 3076 1631 sequere

616 1691 846 1766 neque
885 1665 983 1756 ⁴³)
1045 1663 1184 1740 vim
1251 1662 1741 1762 pertimesces?
1844 1663 1957 1736 18.
2031 1663 2233 1739 Quae
2276 1667 2545 1747 tecum,
2596 1659 2929 1750 Catilina,
2981 1662 3080 1736 sic

619 1797 768 1898 agit
833 1802 905 1870 et
974 1791 1486 1892 quodammodo
1555 1791 1767 1866 tacita
1829 1786 2172 1889 loquitur:
2271 1790 2567 1866 Nullum
2623 1788 2765 1864 iam
2815 1789 3081 1889 aliquot

623 1927 822 2004 annis
887 1923 1157 1998 facinus
1218 1919 1483 1994 exstitit
1545 1919 1682 1994 nisi
1734 1943 1857 2019 per
1902 1927 1974 1994 te
1992 1977 2012 2008 ,
2061 1919 2337 1995 nullum
2380 1919 2726 2020 flagitium
2776 1920 2925 1994 sine
2963 1928 3078 2010 te;

621 2054 754 2132 tibi
825 2049 949 2126 uni
1020 2046 1398 2124 multorum
1467 2043 1723 2120 civium
1790 2071 2025 2136 neces,
2106 2047 2239 2120 tibi
2311 2047 2579 2122 vexatio
2648 2048 3082 2148 direptioque

623 2181 964 2258 sociorum
1011 2174 1358 2275 impunita
1403 2174 1540 2248 fuit
1587 2199 1667 2250 ac
1710 2174 1958 2264 libera3
2008 2183 2091 2250 tu
2140 2199 2280 2248 non
2323 2175 2547 2250 solum
2596 2175 2687 2250 ad
2726 2177 3081 2277 negligen-

623 2312 749 2386 das
796 2308 984 2406 leges
1027 2312 1098 2378 et
1139 2303 1574 2404 quaestiones
1592 2363 1612 2394 ,
1679 2329 1919 2379 verum
1970 2303 2178 2378 etiam
2228 2303 2319 2378 ad
2368 2303 2736 2379 vincendas
2781 2305 2877 2397 ⁴⁴)
2925 2330 3083 2404 per-

623 2434 1160 2536 fringendasque
1234 2432 1528 2508 valuisti.
1631 2432 2000 2532 Superiora
2074 2432 2193 2508 illa
2206 2490 2225 2519 ,
2305 2456 2731 2531 quamquam
2800 2432 3087 2508 ferenda

621 2592 763 2642 non
813 2563 1133 2650 fuerunt,
1183 2567 1415 2635 tamen
1462 2568 1542 2636 ut
1577 2561 1807 2660 potui,
1860 2561 2025 2636 tuli:
2076 2586 2265 2637 nunc
2318 2587 2473 2636 vero
2511 2587 2623 2636 me
2672 2567 2888 2635 totam
2930 2586 3083 2635 esse

623 2697 699 2772 in
767 2700 963 2769 metu
1023 2696 1302 2791 propter
1363 2713 1585 2765 unum
1638 2696 1740 2779 te,
1813 2689 2156 2790 quidquid
2212 2689 2657 2791 increpuerit,
2706 2689 3087 2767 Catilinam

715 2853 780 2921 ⁴²)
813 2868 996 2920 parcns
1027 2852 1254 2904 omnium
1289 2858 1532 2903 nostrum.
1671 2849 1736 2919 ⁴⁵)
1772 2868 1881 2905 nec.
2020 2850 2083 2921 ⁴⁴)
2120 2853 2427 2905 evertendas.

618 3124 741 3167 non
770 3114 890 3174 est,
927 3104 1110 3165 etiam
1137 3102 1253 3164 hoc
1282 3102 1526 3163 nomine
1557 3101 2098 3183 reprehendendus
2118 3111 2212 3163 est
2232 3120 2377 3164 usus
2395 3100 2613 3164 horum
2634 3102 3094 3177 vocabulorum,

619 3200 783 3281 quod
826 3208 1030 3259 orator
1071 3197 1268 3259 adhuc
1308 3216 1433 3258 non
1475 3198 1552 3258 de
1596 3197 1875 3258 omnibus
1916 3198 2148 3259 civibus
2191 3198 2297 3259 sed
2339 3198 2417 3259 de
2458 3200 2838 3262 senatoribus
2880 3200 3093 3281 egerit.

614 3316 698 3346 ·--
719 3297 1014 3377 offensum.
1037 3292 1307 3355 Muretus
1329 3293 1609 3355 coniecit:
1633 3293 1925 3371 infensum
1944 3314 1999 3374 p.
2026 3295 2158 3357 557.
2200 3330 2283 3343 —-
2308 3295 2375 3357 Si
2395 3302 2448 3357 te
2462 3303 2729 3375 parentes
2749 3304 2892 3357 cett.
2928 3295 3095 3357 Com-

618 3394 850 3477 paratio
877 3390 1028 3453 haec
1062 3398 1182 3452 est:
1219 3390 1268 3449 si
1306 3398 1588 3470 parentes
1624 3398 1685 3449 te
1722 3388 2021 3459 odissent,
2064 3392 2265 3471 aliquo
2295 3394 2687 3463 concederes3
2716 3412 2879 3453 nunc
2900 3394 3094 3472 patria

619 3500 682 3551 te
712 3488 961 3557 metuit;
999 3496 1346 3566 exspectare
1377 3487 1567 3567 igitur
1594 3486 1731 3547 iure
1758 3504 2095 3567 possemus:
2139 3488 2372 3569 »igitur
2400 3489 2677 3570 relinque
2706 3489 2973 3551 urbem.’'
3018 3490 3096 3550 At

618 3582 770 3644 haec
823 3582 979 3643 ratio
1034 3600 1158 3642 non
1200 3583 1394 3663 placet
1459 3582 1683 3643 oratori
1748 3590 1983 3642 nostro:
2039 3582 2349 3645 inducitur
2396 3586 2590 3665 patria
2652 3586 2779 3666 ipsa
2841 3586 3097 3666 loquens

619 3680 783 3741 inter
826 3680 967 3751 alia,
1017 3690 1334 3761 postquam
1389 3681 1583 3743 multa
1623 3679 2043 3761 praemiserat,
2085 3681 2267 3742 etiam
2307 3670 2457 3743 haec
2499 3684 2735 3744 dicens:
2778 3683 3096 3752 »discede‚

621 3786 805 3857 atque
846 3776 1010 3839 hunc
1049 3776 1200 3839 mihi
1237 3779 1517 3839 timorem
1551 3776 1773 3857 eripe.”
1854 3776 1991 3837 Alio
2020 3777 2203 3839 etiam
2232 3778 2382 3840 vitio
2413 3779 2646 3840 laborat
2679 3778 2831 3841 haec
2864 3797 3097 3859 compa·

620 3873 804 3932 ratio:
834 3892 993 3934 voce.
1023 3892 1230 3954 »neque
1257 3893 1348 3935 eos
1373 3874 1502 3935 ulla
1528 3874 1753 3935 ratione
1773 3873 2014 3953 placare
2040 3874 2267 3953 posses''
2296 3875 2554 3937 absurda
2582 3886 2727 3937 sunt
2743 3922 2757 3945 ,
2779 3876 2897 3937 nisi
2920 3886 3097 3957 putes

622 3966 939 4028 Catilinam
975 3971 1136 4029 omni
1177 3969 1355 4029 modo
1391 3979 1672 4032 conatum
1708 3988 1839 4029 esse
1868 3988 2006 4029 cum
2040 3970 2233 4049 patria
2268 3970 2333 4030 in
2362 3972 2618 4051 gratiam
2660 3971 2892 4040 redire;
2937 3971 3098 4051 quod

621 4081 810 4142 quum
838 4080 960 4122 non
991 4064 1076 4123 ita
1112 4064 1336 4125 factum
1371 4065 1482 4135 sit,
1524 4064 1859 4126 omittenda
1895 4065 2167 4126 fuissent.
2248 4100 2331 4111 —
2358 4066 2559 4146 patria
2592 4067 2791 4129 ”vetuit
2825 4073 2877 4127 te
2909 4066 3096 4147 quod-

621 4160 940 4221 dammodo
960 4160 1204 4221 defendi
1227 4170 1454 4241 potest;
1479 4162 1585 4221 sed
1606 4162 1755 4241 quid
1778 4162 1879 4223 sit:
1916 4186 1941 4215 ι»
1956 4160 2129 4222 huius
2150 4160 2421 4246 (patriae)
2444 4170 2507 4223 tu
2526 4182 2701 4245 neque
2720 4163 3101 4224 —iudicium

622 4274 875 4335 sequere,
915 4274 1092 4337 neque
1130 4256 1246 4317 vim
1279 4256 1673 4336 pertimesces”
1715 4257 1981 4319 libenter
2021 4258 2216 4319 fateor
2254 4277 2352 4319 me
2393 4277 2515 4319 non
2558 4278 2787 4339 capere.

709 4351 866 4423 Quae
893 4360 1074 4415 tecum
1107 4352 1385 4424 Catilina,
1601 4360 1668 4415 ut
1697 4354 1926 4416 tandem
1954 4354 2267 4435 aliquando
2295 4355 2493 4417 timere
2510 4356 2784 4417 desinam.
2867 4389 2948 4399 —
2968 4371 3099 4433 quo-

621 4448 918 4509 dammodo
981 4449 1159 4511 tacita
1224 4450 1486 4531 loquitur.
1572 4448 1823 4530 Saepius
1885 4451 2083 4512 utitur
2145 4450 2353 4513 Cicero
2410 4452 2516 4512 tali
2574 4451 2767 4531 figura
2822 4461 2893 4511 ut
2950 4470 3003 4510 v.
3049 4469 3099 4510 c.

622 4545 910 4624 populum
971 4545 1321 4626 loquentem
1377 4545 1654 4615 inducat;
1712 4555 1783 4607 ut
1824 4553 1919 4606 est
1960 4546 2024 4605 in
2068 4557 2215 4607 orat.
2260 4565 2371 4627 pro
2416 4547 2612 4608 Plane.
2650 4550 2704 4608 5.
2748 4547 2796 4628 5
2839 4548 2949 4617 12,
2990 4545 3098 4607 sed

623 4640 873 4701 tacitum
902 4641 1278 4721 loquentem,
1320 4642 1484 4722 quod
1527 4641 1739 4712 sciam,
1779 4641 2103 4703 meminem
2147 4644 2211 4704 in
2253 4662 2494 4705 scenam
2535 4645 2828 4724 producit.
2911 4678 2993 4689 —-—
3012 4660 3101 4702 me

623 4740 798 4797 totam
839 4755 958 4799 esse
998 4734 1063 4801 in
1102 4746 1268 4800 metu.
1353 4738 1645 4799 Dissentit
1686 4739 1877 4818 igitur
1916 4740 2111 4819 patria
2154 4740 2230 4799 ab
2272 4749 2511 4800 oratore
2554 4749 2793 4810 nostre,
2835 4741 2939 4819 qui
2976 4738 3026 4819 ἓ
3056 4739 3097 4809 ,5
