<?xml version="1.0" encoding="UTF-8"?>
<!DOCTYPE html PUBLIC "-//W3C//DTD XHTML 1.0 Transitional//EN"
    "http://www.w3.org/TR/xhtml1/DTD/xhtml1-transitional.dtd">
<html xmlns="http://www.w3.org/1999/xhtml" xml:lang="en" lang="en">
 <head>
  <title>
</title>
<meta http-equiv="Content-Type" content="text/html;charset=utf-8" />
  <meta name='ocr-system' content='tesseract 3.04.00' />
  <meta name='ocr-capabilities' content='ocr_page ocr_carea ocr_par ocr_line ocrx_word'/>
</head>
<body>
  <div class='ocr_page' id='page_1' title='image "./disputatiodeora00cicegoog_0065.png"; bbox 0 0 3375 5500; ppageno 0'>
   <div class='ocr_carea' id='block_1_1' title="bbox 27 2154 35 2847">
    <p class='ocr_par' dir='ltr' id='par_1_1' title="bbox 27 2154 35 2847">
     <span class='ocr_line' id='line_1_1' title="bbox 27 2154 35 2847; baseline 0 0"><span class='ocrx_word' id='word_1_1' title='bbox 27 2154 35 2847; x_wconf 95' lang='lat' dir='ltr'><strong> </strong></span> 
     </span>
    </p>
   </div>
   <div class='ocr_carea' id='block_1_2' title="bbox 2568 461 2691 504">
    <p class='ocr_par' dir='ltr' id='par_1_2' title="bbox 2568 461 2691 504">
     <span class='ocr_line' id='line_1_2' title="bbox 2568 461 2691 504; baseline 0.033 -3"><span class='ocrx_word' id='word_1_2' title='bbox 2568 461 2691 504; x_wconf 75' lang='lat' dir='ltr'><strong>nv</strong></span> 
     </span>
    </p>
   </div>
   <div class='ocr_carea' id='block_1_3' title="bbox 235 642 2725 4441">
    <p class='ocr_par' dir='ltr' id='par_1_3' title="bbox 235 642 2717 3361">
     <span class='ocr_line' id='line_1_3' title="bbox 323 642 2691 732; baseline 0.001 -21"><span class='ocrx_word' id='word_1_3' title='bbox 323 645 627 724; x_wconf 81' lang='lat' dir='ltr'><strong>Accedit,</strong></span> <span class='ocrx_word' id='word_1_4' title='bbox 699 644 876 728; x_wconf 86' lang='lat' dir='ltr'><strong>quod</strong></span> <span class='ocrx_word' id='word_1_5' title='bbox 939 651 1176 730; x_wconf 81' lang='lat' dir='ltr'><strong>quotus</strong></span> <span class='ocrx_word' id='word_1_6' title='bbox 1247 645 1522 730; x_wconf 89' lang='lat' dir='ltr'><strong>quisque</strong></span> <span class='ocrx_word' id='word_1_7' title='bbox 1583 643 1688 713; x_wconf 84' lang='lat' dir='ltr'><strong>vel</strong></span> <span class='ocrx_word' id='word_1_8' title='bbox 1748 645 1978 712; x_wconf 84' lang='lat' dir='ltr'><strong>leviter</strong></span> <span class='ocrx_word' id='word_1_9' title='bbox 2038 642 2304 730; x_wconf 83' lang='lat' dir='ltr'><strong>attingit</strong></span> <span class='ocrx_word' id='word_1_10' title='bbox 2350 645 2691 732; x_wconf 77' lang='lat' dir='ltr'><strong>scriptores</strong></span> 
     </span>
     <span class='ocr_line' id='line_1_4' title="bbox 238 764 2697 850; baseline -0.002 -16"><span class='ocrx_word' id='word_1_11' title='bbox 238 769 506 835; x_wconf 87' lang='lat' dir='ltr'><strong>Latinos</strong></span> <span class='ocrx_word' id='word_1_12' title='bbox 522 813 544 844; x_wconf 90' lang='lat'><em>,</em></span> <span class='ocrx_word' id='word_1_13' title='bbox 595 786 847 850; x_wconf 79' lang='lat' dir='ltr'>semper</span> <span class='ocrx_word' id='word_1_14' title='bbox 894 766 1030 831; x_wconf 88' lang='lat' dir='ltr'><strong>fere</strong></span> <span class='ocrx_word' id='word_1_15' title='bbox 1075 765 1236 848; x_wconf 88' lang='lat' dir='ltr'><strong>legit</strong></span> <span class='ocrx_word' id='word_1_16' title='bbox 1287 767 1650 832; x_wconf 87' lang='lat' dir='ltr'><strong>orationem</strong></span> <span class='ocrx_word' id='word_1_17' title='bbox 1697 766 1879 830; x_wconf 88' lang='lat' dir='ltr'><strong>illam</strong></span> <span class='ocrx_word' id='word_1_18' title='bbox 1933 764 2204 849; x_wconf 81' lang='lat' dir='ltr'>primam</span> <span class='ocrx_word' id='word_1_19' title='bbox 2224 812 2246 842; x_wconf 93' lang='lat'><em>,</em></span> <span class='ocrx_word' id='word_1_20' title='bbox 2302 764 2397 829; x_wconf 89' lang='lat' dir='ltr'><strong>ita</strong></span> <span class='ocrx_word' id='word_1_21' title='bbox 2436 771 2514 830; x_wconf 91' lang='lat' dir='ltr'><strong>ut</strong></span> <span class='ocrx_word' id='word_1_22' title='bbox 2559 767 2697 831; x_wconf 90' lang='lat' dir='ltr'><strong>cui-</strong></span> 
     </span>
     <span class='ocr_line' id='line_1_5' title="bbox 242 883 2697 972; baseline -0.001 -18"><span class='ocrx_word' id='word_1_23' title='bbox 242 909 366 972; x_wconf 89' lang='lat' dir='ltr'><strong>que</strong></span> <span class='ocrx_word' id='word_1_24' title='bbox 417 885 831 952; x_wconf 88' lang='lat' dir='ltr'><strong>notissimum</strong></span> <span class='ocrx_word' id='word_1_25' title='bbox 877 885 964 950; x_wconf 91' lang='lat' dir='ltr'><strong>sit</strong></span> <span class='ocrx_word' id='word_1_26' title='bbox 1015 885 1216 949; x_wconf 88' lang='lat' dir='ltr'><strong>illud:</strong></span> <span class='ocrx_word' id='word_1_27' title='bbox 1295 910 1330 944; x_wconf 71' lang='lat' dir='ltr'><em>a</em></span> <span class='ocrx_word' id='word_1_28' title='bbox 1347 886 1709 970; x_wconf 74' lang='lat' dir='ltr'><strong>Quousque</strong></span> <span class='ocrx_word' id='word_1_29' title='bbox 1752 883 2061 951; x_wconf 81' lang='lat' dir='ltr'><strong>tandem”</strong></span> <span class='ocrx_word' id='word_1_30' title='bbox 2104 890 2173 950; x_wconf 91' lang='lat' dir='ltr'><strong>et</strong></span> <span class='ocrx_word' id='word_1_31' title='bbox 2217 905 2408 969; x_wconf 83' lang='lat' dir='ltr'><strong>saepe</strong></span> <span class='ocrx_word' id='word_1_32' title='bbox 2448 885 2519 949; x_wconf 89' lang='lat' dir='ltr'><strong>in</strong></span> <span class='ocrx_word' id='word_1_33' title='bbox 2564 906 2697 952; x_wconf 91' lang='lat' dir='ltr'><strong>ore.</strong></span> 
     </span>
     <span class='ocr_line' id='line_1_6' title="bbox 238 1001 2701 1090; baseline -0 -20"><span class='ocrx_word' id='word_1_34' title='bbox 238 1006 483 1072; x_wconf 86' lang='lat' dir='ltr'><strong>Nullae</strong></span> <span class='ocrx_word' id='word_1_35' title='bbox 525 1005 662 1072; x_wconf 86' lang='lat' dir='ltr'><strong>fere</strong></span> <span class='ocrx_word' id='word_1_36' title='bbox 707 1004 1031 1090; x_wconf 88' lang='lat' dir='ltr'><strong>prodeunt</strong></span> <span class='ocrx_word' id='word_1_37' title='bbox 1081 1003 1404 1069; x_wconf 83' lang='lat' dir='ltr'><strong>orationes</strong></span> <span class='ocrx_word' id='word_1_38' title='bbox 1459 1005 1737 1070; x_wconf 81' lang='lat' dir='ltr'><strong>selectae</strong></span> <span class='ocrx_word' id='word_1_39' title='bbox 1787 1001 2117 1068; x_wconf 82' lang='lat' dir='ltr'><strong>Ciceronis</strong></span> <span class='ocrx_word' id='word_1_40' title='bbox 2132 1049 2155 1078; x_wconf 87' lang='lat'>,</span> <span class='ocrx_word' id='word_1_41' title='bbox 2200 1007 2267 1068; x_wconf 92' lang='lat' dir='ltr'><strong>et</strong></span> <span class='ocrx_word' id='word_1_42' title='bbox 2308 1008 2411 1068; x_wconf 89' lang='lat' dir='ltr'><strong>sat</strong></span> <span class='ocrx_word' id='word_1_43' title='bbox 2455 1003 2701 1070; x_wconf 90' lang='lat' dir='ltr'><strong>multae</strong></span> 
     </span>
     <span class='ocr_line' id='line_1_7' title="bbox 235 1121 2701 1207; baseline -0 -17"><span class='ocrx_word' id='word_1_44' title='bbox 235 1127 308 1191; x_wconf 89' lang='lat' dir='ltr'><strong>in</strong></span> <span class='ocrx_word' id='word_1_45' title='bbox 354 1127 573 1193; x_wconf 88' lang='lat' dir='ltr'><strong>lucem</strong></span> <span class='ocrx_word' id='word_1_46' title='bbox 614 1125 898 1192; x_wconf 87' lang='lat' dir='ltr'><strong>eduntur</strong></span> <span class='ocrx_word' id='word_1_47' title='bbox 912 1172 933 1201; x_wconf 90' lang='lat'><em>,</em></span> <span class='ocrx_word' id='word_1_48' title='bbox 975 1123 1148 1188; x_wconf 90' lang='lat' dir='ltr'><strong>inter</strong></span> <span class='ocrx_word' id='word_1_49' title='bbox 1196 1145 1354 1207; x_wconf 87' lang='lat' dir='ltr'><strong>quas</strong></span> <span class='ocrx_word' id='word_1_50' title='bbox 1401 1123 1816 1189; x_wconf 85' lang='lat' dir='ltr'><strong>Catilinarias</strong></span> <span class='ocrx_word' id='word_1_51' title='bbox 1858 1122 2098 1187; x_wconf 73' lang='lat' dir='ltr'><strong>frustra</strong></span> <span class='ocrx_word' id='word_1_52' title='bbox 2138 1121 2445 1204; x_wconf 78' lang='lat' dir='ltr'><strong>requiras.</strong></span> <span class='ocrx_word' id='word_1_53' title='bbox 2520 1124 2701 1189; x_wconf 79' lang='lat' dir='ltr'><strong>Quas</strong></span> 
     </span>
     <span class='ocr_line' id='line_1_8' title="bbox 243 1239 2703 1330; baseline -0.002 -20"><span class='ocrx_word' id='word_1_54' title='bbox 243 1245 358 1330; x_wconf 89' lang='lat' dir='ltr'><strong>qui</strong></span> <span class='ocrx_word' id='word_1_55' title='bbox 411 1245 616 1312; x_wconf 88' lang='lat' dir='ltr'><strong>semel</strong></span> <span class='ocrx_word' id='word_1_56' title='bbox 662 1243 966 1310; x_wconf 88' lang='lat' dir='ltr'><strong>admirari</strong></span> <span class='ocrx_word' id='word_1_57' title='bbox 1012 1242 1332 1328; x_wconf 88' lang='lat' dir='ltr'><strong>coeperit,</strong></span> <span class='ocrx_word' id='word_1_58' title='bbox 1383 1245 1564 1326; x_wconf 85' lang='lat' dir='ltr'><strong>(sunt</strong></span> <span class='ocrx_word' id='word_1_59' title='bbox 1611 1249 1834 1308; x_wconf 89' lang='lat' dir='ltr'><strong>autem</strong></span> <span class='ocrx_word' id='word_1_60' title='bbox 1887 1239 2309 1306; x_wconf 89' lang='lat' dir='ltr'><strong>difficillimae</strong></span> <span class='ocrx_word' id='word_1_61' title='bbox 2354 1261 2525 1325; x_wconf 88' lang='lat' dir='ltr'><strong>quae</strong></span> <span class='ocrx_word' id='word_1_62' title='bbox 2562 1261 2703 1306; x_wconf 83' lang='lat' dir='ltr'><strong>ver-</strong></span> 
     </span>
     <span class='ocr_line' id='line_1_9' title="bbox 240 1358 2705 1440; baseline -0.001 -12"><span class='ocrx_word' id='word_1_63' title='bbox 240 1366 480 1431; x_wconf 83' lang='lat' dir='ltr'><strong>naculo</strong></span> <span class='ocrx_word' id='word_1_64' title='bbox 519 1383 814 1430; x_wconf 87' lang='lat' dir='ltr'><strong>sermone</strong></span> <span class='ocrx_word' id='word_1_65' title='bbox 847 1361 1236 1440; x_wconf 79' lang='lat' dir='ltr'><strong>reddantur3</strong></span> <span class='ocrx_word' id='word_1_66' title='bbox 1278 1361 1376 1428; x_wconf 89' lang='lat' dir='ltr'><strong>ita</strong></span> <span class='ocrx_word' id='word_1_67' title='bbox 1411 1367 1488 1427; x_wconf 89' lang='lat' dir='ltr'><strong>ut</strong></span> <span class='ocrx_word' id='word_1_68' title='bbox 1523 1361 1735 1427; x_wconf 91' lang='lat' dir='ltr'><strong>multo</strong></span> <span class='ocrx_word' id='word_1_69' title='bbox 1785 1358 2040 1427; x_wconf 83' lang='lat' dir='ltr'><strong>facilius</strong></span> <span class='ocrx_word' id='word_1_70' title='bbox 2086 1359 2173 1424; x_wconf 89' lang='lat' dir='ltr'><strong>sit</strong></span> <span class='ocrx_word' id='word_1_71' title='bbox 2220 1380 2329 1426; x_wconf 90' lang='lat' dir='ltr'><strong>eas</strong></span> <span class='ocrx_word' id='word_1_72' title='bbox 2372 1361 2671 1426; x_wconf 84' lang='lat' dir='ltr'><strong>admirari</strong></span> <span class='ocrx_word' id='word_1_73' title='bbox 2684 1408 2705 1440; x_wconf 92' lang='lat'>‚</span> 
     </span>
     <span class='ocr_line' id='line_1_10' title="bbox 241 1477 2707 1568; baseline 0 -20"><span class='ocrx_word' id='word_1_74' title='bbox 241 1505 447 1568; x_wconf 91' lang='lat' dir='ltr'><strong>quam</strong></span> <span class='ocrx_word' id='word_1_75' title='bbox 484 1481 913 1567; x_wconf 85' lang='lat' dir='ltr'><strong>intelligere),</strong></span> <span class='ocrx_word' id='word_1_76' title='bbox 941 1502 1299 1567; x_wconf 84' lang='lat' dir='ltr'><strong>numquam</strong></span> <span class='ocrx_word' id='word_1_77' title='bbox 1337 1480 1422 1546; x_wconf 91' lang='lat' dir='ltr'><strong>de</strong></span> <span class='ocrx_word' id='word_1_78' title='bbox 1464 1481 1789 1548; x_wconf 86' lang='lat' dir='ltr'><strong>sententia</strong></span> <span class='ocrx_word' id='word_1_79' title='bbox 1826 1477 2189 1559; x_wconf 78' lang='lat' dir='ltr'><strong>dimoveas3</strong></span> <span class='ocrx_word' id='word_1_80' title='bbox 2218 1486 2285 1546; x_wconf 96' lang='lat' dir='ltr'><strong>et</strong></span> <span class='ocrx_word' id='word_1_81' title='bbox 2328 1481 2385 1546; x_wconf 88' lang='lat' dir='ltr'><strong>si</strong></span> <span class='ocrx_word' id='word_1_82' title='bbox 2430 1481 2535 1548; x_wconf 85' lang='lat' dir='ltr'><strong>vel</strong></span> <span class='ocrx_word' id='word_1_83' title='bbox 2580 1482 2707 1548; x_wconf 88' lang='lat' dir='ltr'><strong>hoc</strong></span> 
     </span>
     <span class='ocr_line' id='line_1_11' title="bbox 237 1599 2709 1679; baseline 0.001 -12"><span class='ocrx_word' id='word_1_84' title='bbox 237 1602 369 1668; x_wconf 91' lang='lat' dir='ltr'><strong>tibi</strong></span> <span class='ocrx_word' id='word_1_85' title='bbox 411 1600 792 1668; x_wconf 84' lang='lat' dir='ltr'><strong>concederet</strong></span> <span class='ocrx_word' id='word_1_86' title='bbox 831 1622 966 1667; x_wconf 92' lang='lat' dir='ltr'><strong>non</strong></span> <span class='ocrx_word' id='word_1_87' title='bbox 1015 1621 1156 1666; x_wconf 87' lang='lat' dir='ltr'><strong>esse</strong></span> <span class='ocrx_word' id='word_1_88' title='bbox 1200 1599 1532 1667; x_wconf 87' lang='lat' dir='ltr'><strong>Ciceronis</strong></span> <span class='ocrx_word' id='word_1_89' title='bbox 1545 1647 1567 1679; x_wconf 92' lang='lat'><strong><em>,</em></strong></span> <span class='ocrx_word' id='word_1_90' title='bbox 1613 1600 1847 1667; x_wconf 83' lang='lat' dir='ltr'><strong>aeriter</strong></span> <span class='ocrx_word' id='word_1_91' title='bbox 1890 1605 2110 1666; x_wconf 89' lang='lat' dir='ltr'><strong>tamen</strong></span> <span class='ocrx_word' id='word_1_92' title='bbox 2156 1599 2323 1664; x_wconf 88' lang='lat' dir='ltr'><strong>illud</strong></span> <span class='ocrx_word' id='word_1_93' title='bbox 2368 1601 2564 1668; x_wconf 88' lang='lat' dir='ltr'><strong>etiam</strong></span> <span class='ocrx_word' id='word_1_94' title='bbox 2609 1607 2709 1668; x_wconf 86' lang='lat' dir='ltr'><strong>te-</strong></span> 
     </span>
     <span class='ocr_line' id='line_1_12' title="bbox 244 1717 2708 1804; baseline -0.001 -18"><span class='ocrx_word' id='word_1_95' title='bbox 244 1726 465 1798; x_wconf 88' lang='lat' dir='ltr'><strong>neret,</strong></span> <span class='ocrx_word' id='word_1_96' title='bbox 532 1717 806 1804; x_wconf 83' lang='lat' dir='ltr'><strong>primam</strong></span> <span class='ocrx_word' id='word_1_97' title='bbox 876 1718 1238 1787; x_wconf 88' lang='lat' dir='ltr'><strong>orationem</strong></span> <span class='ocrx_word' id='word_1_98' title='bbox 1319 1721 1500 1803; x_wconf 87' lang='lat' dir='ltr'><strong>(nam</strong></span> <span class='ocrx_word' id='word_1_99' title='bbox 1542 1717 1627 1784; x_wconf 87' lang='lat' dir='ltr'><strong>ad</strong></span> <span class='ocrx_word' id='word_1_100' title='bbox 1683 1719 2036 1784; x_wconf 89' lang='lat' dir='ltr'><strong>secundam</strong></span> <span class='ocrx_word' id='word_1_101' title='bbox 2052 1764 2073 1796; x_wconf 91' lang='lat'>‚</span> <span class='ocrx_word' id='word_1_102' title='bbox 2118 1717 2457 1786; x_wconf 83' lang='lat' dir='ltr'><strong>tertiamve</strong></span> <span class='ocrx_word' id='word_1_103' title='bbox 2516 1721 2708 1786; x_wconf 88' lang='lat' dir='ltr'><strong>multi</strong></span> 
     </span>
     <span class='ocr_line' id='line_1_13' title="bbox 252 1837 2711 1924; baseline -0 -21"><span class='ocrx_word' id='word_1_104' title='bbox 252 1861 390 1906; x_wconf 89' lang='lat' dir='ltr'><strong>non</strong></span> <span class='ocrx_word' id='word_1_105' title='bbox 449 1838 870 1924; x_wconf 87' lang='lat' dir='ltr'><strong>perveniunt,</strong></span> <span class='ocrx_word' id='word_1_106' title='bbox 927 1838 1000 1902; x_wconf 88' lang='lat' dir='ltr'><strong>ni</strong></span> <span class='ocrx_word' id='word_1_107' title='bbox 1062 1838 1256 1904; x_wconf 80' lang='lat' dir='ltr'><strong>fallor</strong></span> <span class='ocrx_word' id='word_1_108' title='bbox 1305 1838 1524 1905; x_wconf 86' lang='lat' dir='ltr'><strong>taedio</strong></span> <span class='ocrx_word' id='word_1_109' title='bbox 1599 1837 1965 1924; x_wconf 88' lang='lat' dir='ltr'><strong>lectionis),</strong></span> <span class='ocrx_word' id='word_1_110' title='bbox 2024 1838 2319 1904; x_wconf 89' lang='lat' dir='ltr'><strong>omnium</strong></span> <span class='ocrx_word' id='word_1_111' title='bbox 2372 1860 2513 1904; x_wconf 87' lang='lat' dir='ltr'><strong>esse</strong></span> <span class='ocrx_word' id='word_1_112' title='bbox 2565 1838 2711 1924; x_wconf 88' lang='lat' dir='ltr'><strong>pul-</strong></span> 
     </span>
     <span class='ocr_line' id='line_1_14' title="bbox 249 1957 2711 2043; baseline -0 -19"><span class='ocrx_word' id='word_1_113' title='bbox 249 1958 638 2025; x_wconf 85' lang='lat' dir='ltr'><strong>cherrimam</strong></span> <span class='ocrx_word' id='word_1_114' title='bbox 652 2006 675 2036; x_wconf 90' lang='lat'>‚</span> <span class='ocrx_word' id='word_1_115' title='bbox 718 1957 874 2024; x_wconf 88' lang='lat' dir='ltr'><strong>licet</strong></span> <span class='ocrx_word' id='word_1_116' title='bbox 918 1959 1338 2043; x_wconf 84' lang='lat' dir='ltr'><strong>suppositam.</strong></span> <span class='ocrx_word' id='word_1_117' title='bbox 1431 1959 1670 2043; x_wconf 87' lang='lat' dir='ltr'><strong>Neque</strong></span> <span class='ocrx_word' id='word_1_118' title='bbox 1718 1958 1776 2023; x_wconf 91' lang='lat' dir='ltr'><strong>si</strong></span> <span class='ocrx_word' id='word_1_119' title='bbox 1822 1958 1973 2024; x_wconf 91' lang='lat' dir='ltr'><strong>illos</strong></span> <span class='ocrx_word' id='word_1_120' title='bbox 2020 1958 2280 2037; x_wconf 88' lang='lat' dir='ltr'><strong>audias,</strong></span> <span class='ocrx_word' id='word_1_121' title='bbox 2324 1957 2711 2043; x_wconf 84' lang='lat' dir='ltr'><strong>negligenda</strong></span> 
     </span>
     <span class='ocr_line' id='line_1_15' title="bbox 253 2077 2711 2175; baseline 0 -31"><span class='ocrx_word' id='word_1_122' title='bbox 253 2085 410 2144; x_wconf 88' lang='lat' dir='ltr'><strong>sunt</strong></span> <span class='ocrx_word' id='word_1_123' title='bbox 473 2078 730 2164; x_wconf 86' lang='lat' dir='ltr'><strong>egregia</strong></span> <span class='ocrx_word' id='word_1_124' title='bbox 797 2077 1000 2162; x_wconf 88' lang='lat' dir='ltr'><strong>ipsius</strong></span> <span class='ocrx_word' id='word_1_125' title='bbox 1056 2077 1464 2162; x_wconf 86' lang='lat' dir='ltr'><strong>antiquitatis</strong></span> <span class='ocrx_word' id='word_1_126' title='bbox 1514 2077 1893 2144; x_wconf 88' lang='lat' dir='ltr'><strong>testimonia</strong></span> <span class='ocrx_word' id='word_1_127' title='bbox 1964 2077 2047 2144; x_wconf 88' lang='lat' dir='ltr'><strong>de</strong></span> <span class='ocrx_word' id='word_1_128' title='bbox 2088 2084 2337 2175; x_wconf 21' lang='lat' dir='ltr'><strong>*nostra</strong></span> <span class='ocrx_word' id='word_1_129' title='bbox 2381 2078 2675 2145; x_wconf 90' lang='lat' dir='ltr'><strong>oratione</strong></span> <span class='ocrx_word' id='word_1_130' title='bbox 2690 2125 2711 2157; x_wconf 91' lang='lat'>‚</span> 
     </span>
     <span class='ocr_line' id='line_1_16' title="bbox 255 2195 2710 2282; baseline 0.001 -19"><span class='ocrx_word' id='word_1_131' title='bbox 255 2197 459 2263; x_wconf 88' lang='lat' dir='ltr'><strong>Plinii</strong></span> <span class='ocrx_word' id='word_1_132' title='bbox 525 2203 592 2264; x_wconf 89' lang='lat' dir='ltr'><strong>et</strong></span> <span class='ocrx_word' id='word_1_133' title='bbox 653 2195 961 2262; x_wconf 82' lang='lat' dir='ltr'><strong>Auctoris</strong></span> <span class='ocrx_word' id='word_1_134' title='bbox 1001 2195 1279 2282; x_wconf 73' lang='lat' dir='ltr'><strong>‘dialogi</strong></span> <span class='ocrx_word' id='word_1_135' title='bbox 1345 2197 1426 2264; x_wconf 90' lang='lat' dir='ltr'><strong>de</strong></span> <span class='ocrx_word' id='word_1_136' title='bbox 1507 2198 1891 2264; x_wconf 83' lang='lat' dir='ltr'><strong>Oratoribus</strong></span> <span class='ocrx_word' id='word_1_137' title='bbox 1909 2244 1930 2276; x_wconf 91' lang='lat'>‚</span> <span class='ocrx_word' id='word_1_138' title='bbox 2010 2218 2285 2282; x_wconf 87' lang='lat' dir='ltr'><strong>quorum</strong></span> <span class='ocrx_word' id='word_1_139' title='bbox 2368 2198 2483 2264; x_wconf 91' lang='lat' dir='ltr'><strong>ille</strong></span> <span class='ocrx_word' id='word_1_140' title='bbox 2550 2200 2710 2266; x_wconf 86' lang='lat' dir='ltr'><strong>haec</strong></span> 
     </span>
     <span class='ocr_line' id='line_1_17' title="bbox 259 2315 2713 2403; baseline 0.001 -21"><span class='ocrx_word' id='word_1_141' title='bbox 259 2317 420 2384; x_wconf 88' lang='lat' dir='ltr'><strong>dicit</strong></span> <span class='ocrx_word' id='word_1_142' title='bbox 461 2316 543 2382; x_wconf 91' lang='lat' dir='ltr'><strong>de</strong></span> <span class='ocrx_word' id='word_1_143' title='bbox 591 2315 790 2380; x_wconf 81' lang='lat' dir='ltr'><strong>Tullii</strong></span> <span class='ocrx_word' id='word_1_144' title='bbox 834 2316 1138 2382; x_wconf 88' lang='lat' dir='ltr'><strong>laudibus</strong></span> <span class='ocrx_word' id='word_1_145' title='bbox 1183 2321 1349 2403; x_wconf 80' lang='lat'>²²⁹):</span> <span class='ocrx_word' id='word_1_146' title='bbox 1410 2343 1446 2378; x_wconf 73' lang='lat' dir='ltr'><em>a</em></span> <span class='ocrx_word' id='word_1_147' title='bbox 1471 2316 1602 2384; x_wconf 86' lang='lat' dir='ltr'><strong>Sed</strong></span> <span class='ocrx_word' id='word_1_148' title='bbox 1647 2325 1717 2383; x_wconf 92' lang='lat' dir='ltr'><strong>et</strong></span> <span class='ocrx_word' id='word_1_149' title='bbox 1758 2339 1889 2402; x_wconf 88' lang='lat' dir='ltr'><strong>quo</strong></span> <span class='ocrx_word' id='word_1_150' title='bbox 1936 2322 2005 2383; x_wconf 90' lang='lat' dir='ltr'><strong>te</strong></span> <span class='ocrx_word' id='word_1_151' title='bbox 2058 2318 2157 2381; x_wconf 92' lang='lat' dir='ltr'><strong>M.</strong></span> <span class='ocrx_word' id='word_1_152' title='bbox 2202 2315 2414 2395; x_wconf 80' lang='lat' dir='ltr'><strong>Tulli,</strong></span> <span class='ocrx_word' id='word_1_153' title='bbox 2456 2317 2713 2402; x_wconf 85' lang='lat' dir='ltr'><strong>piaculo</strong></span> 
     </span>
     <span class='ocr_line' id='line_1_18' title="bbox 258 2433 2713 2521; baseline 0.001 -19"><span class='ocrx_word' id='word_1_154' title='bbox 258 2437 554 2502; x_wconf 79' lang='lat' dir='ltr'><strong>taceam?</strong></span> <span class='ocrx_word' id='word_1_155' title='bbox 628 2457 836 2520; x_wconf 85' lang='lat' dir='ltr'><strong>quove</strong></span> <span class='ocrx_word' id='word_1_156' title='bbox 904 2436 1186 2502; x_wconf 86' lang='lat' dir='ltr'><strong>maxime</strong></span> <span class='ocrx_word' id='word_1_157' title='bbox 1257 2435 1680 2502; x_wconf 82' lang='lat' dir='ltr'><strong>excellentem</strong></span> <span class='ocrx_word' id='word_1_158' title='bbox 1744 2435 1985 2520; x_wconf 84' lang='lat' dir='ltr'><strong>insigni</strong></span> <span class='ocrx_word' id='word_1_159' title='bbox 2057 2433 2463 2521; x_wconf 78' lang='lat' dir='ltr'><strong>praedicem?</strong></span> <span class='ocrx_word' id='word_1_160' title='bbox 2560 2439 2713 2504; x_wconf 76' lang='lat' dir='ltr'><strong>Quo</strong></span> 
     </span>
     <span class='ocr_line' id='line_1_19' title="bbox 259 2553 2712 2641; baseline 0 -20"><span class='ocrx_word' id='word_1_161' title='bbox 259 2556 484 2641; x_wconf 85' lang='lat' dir='ltr'><strong>potius</strong></span> <span class='ocrx_word' id='word_1_162' title='bbox 503 2602 526 2632; x_wconf 90' lang='lat'>‚</span> <span class='ocrx_word' id='word_1_163' title='bbox 553 2577 749 2641; x_wconf 90' lang='lat' dir='ltr'><strong>quam</strong></span> <span class='ocrx_word' id='word_1_164' title='bbox 775 2555 1060 2622; x_wconf 83' lang='lat' dir='ltr'><strong>universi</strong></span> <span class='ocrx_word' id='word_1_165' title='bbox 1105 2555 1330 2641; x_wconf 87' lang='lat' dir='ltr'><strong>populi</strong></span> <span class='ocrx_word' id='word_1_166' title='bbox 1377 2555 1556 2622; x_wconf 89' lang='lat' dir='ltr'><strong>illius</strong></span> <span class='ocrx_word' id='word_1_167' title='bbox 1601 2556 1813 2640; x_wconf 85' lang='lat' dir='ltr'><strong>gentis</strong></span> <span class='ocrx_word' id='word_1_168' title='bbox 1856 2553 2255 2640; x_wconf 88' lang='lat' dir='ltr'><strong>amplissimo</strong></span> <span class='ocrx_word' id='word_1_169' title='bbox 2299 2556 2675 2622; x_wconf 87' lang='lat' dir='ltr'><strong>testimonio</strong></span> <span class='ocrx_word' id='word_1_170' title='bbox 2691 2605 2712 2634; x_wconf 91' lang='lat'><em>,</em></span> 
     </span>
     <span class='ocr_line' id='line_1_20' title="bbox 262 2673 2715 2761; baseline 0 -20"><span class='ocrx_word' id='word_1_171' title='bbox 262 2679 333 2741; x_wconf 93' lang='lat' dir='ltr'><strong>et</strong></span> <span class='ocrx_word' id='word_1_172' title='bbox 387 2695 426 2740; x_wconf 94' lang='lat' dir='ltr'><strong>e</strong></span> <span class='ocrx_word' id='word_1_173' title='bbox 467 2678 608 2740; x_wconf 89' lang='lat' dir='ltr'><strong>tota</strong></span> <span class='ocrx_word' id='word_1_174' title='bbox 654 2675 788 2740; x_wconf 82' lang='lat' dir='ltr'><strong>vita</strong></span> <span class='ocrx_word' id='word_1_175' title='bbox 817 2682 934 2740; x_wconf 88' lang='lat' dir='ltr'><strong>tua</strong></span> <span class='ocrx_word' id='word_1_176' title='bbox 973 2676 1350 2761; x_wconf 82' lang='lat' dir='ltr'><strong>consulatus</strong></span> <span class='ocrx_word' id='word_1_177' title='bbox 1369 2723 1390 2756; x_wconf 92' lang='lat'>‚</span> <span class='ocrx_word' id='word_1_178' title='bbox 1433 2683 1693 2742; x_wconf 88' lang='lat' dir='ltr'><strong>tantum</strong></span> <span class='ocrx_word' id='word_1_179' title='bbox 1729 2675 2009 2760; x_wconf 55' lang='lat' dir='ltr'><strong>operibus</strong></span> <span class='ocrx_word' id='word_1_180' title='bbox 2032 2675 2281 2738; x_wconf 69' lang='lat' dir='ltr'><strong>electis?</strong></span> <span class='ocrx_word' id='word_1_181' title='bbox 2342 2675 2435 2740; x_wconf 77' lang='lat' dir='ltr'><strong>Te</strong></span> <span class='ocrx_word' id='word_1_182' title='bbox 2460 2673 2715 2741; x_wconf 84' lang='lat' dir='ltr'><strong>dicente</strong></span> 
     </span>
     <span class='ocr_line' id='line_1_21' title="bbox 265 2794 2715 2881; baseline -0.001 -19"><span class='ocrx_word' id='word_1_183' title='bbox 265 2797 478 2881; x_wconf 84' lang='lat' dir='ltr'><strong>legem</strong></span> <span class='ocrx_word' id='word_1_184' title='bbox 535 2795 850 2880; x_wconf 85' lang='lat' dir='ltr'><strong>agrariam</strong></span> <span class='ocrx_word' id='word_1_185' title='bbox 863 2843 885 2874; x_wconf 88' lang='lat'>‚</span> <span class='ocrx_word' id='word_1_186' title='bbox 942 2797 1068 2862; x_wconf 90' lang='lat' dir='ltr'><strong>hoc</strong></span> <span class='ocrx_word' id='word_1_187' title='bbox 1117 2804 1250 2875; x_wconf 87' lang='lat' dir='ltr'><strong>est,</strong></span> <span class='ocrx_word' id='word_1_188' title='bbox 1311 2796 1621 2863; x_wconf 86' lang='lat' dir='ltr'><strong>alimenta</strong></span> <span class='ocrx_word' id='word_1_189' title='bbox 1667 2818 1818 2875; x_wconf 89' lang='lat' dir='ltr'><strong>sua,</strong></span> <span class='ocrx_word' id='word_1_190' title='bbox 1864 2795 2321 2862; x_wconf 85' lang='lat' dir='ltr'><strong>abdicaverunt</strong></span> <span class='ocrx_word' id='word_1_191' title='bbox 2360 2794 2603 2873; x_wconf 80' lang='lat' dir='ltr'><strong>tribus3</strong></span> <span class='ocrx_word' id='word_1_192' title='bbox 2646 2799 2715 2859; x_wconf 89' lang='lat' dir='ltr'><strong>te</strong></span> 
     </span>
     <span class='ocr_line' id='line_1_22' title="bbox 260 2914 2716 3001; baseline -0.001 -20"><span class='ocrx_word' id='word_1_193' title='bbox 260 2915 576 2983; x_wconf 88' lang='lat' dir='ltr'><strong>suadente</strong></span> <span class='ocrx_word' id='word_1_194' title='bbox 589 2963 611 2994; x_wconf 88' lang='lat'>‚</span> <span class='ocrx_word' id='word_1_195' title='bbox 669 2916 908 2982; x_wconf 86' lang='lat' dir='ltr'><strong>Roscio</strong></span> <span class='ocrx_word' id='word_1_196' title='bbox 965 2916 1300 2983; x_wconf 86' lang='lat' dir='ltr'><strong>theatralis</strong></span> <span class='ocrx_word' id='word_1_197' title='bbox 1355 2914 1516 3001; x_wconf 83' lang='lat' dir='ltr'><strong>legis</strong></span> <span class='ocrx_word' id='word_1_198' title='bbox 1564 2917 1814 2982; x_wconf 89' lang='lat' dir='ltr'><strong>auctori</strong></span> <span class='ocrx_word' id='word_1_199' title='bbox 1864 2917 2285 3000; x_wconf 86' lang='lat' dir='ltr'><strong>ignoverunt,</strong></span> <span class='ocrx_word' id='word_1_200' title='bbox 2328 2920 2716 2996; x_wconf 88' lang='lat' dir='ltr'><strong>notatasque</strong></span> 
     </span>
     <span class='ocr_line' id='line_1_23' title="bbox 259 3034 2717 3121; baseline -0.001 -20"><span class='ocrx_word' id='word_1_201' title='bbox 259 3059 332 3102; x_wconf 89' lang='lat' dir='ltr'><strong>se</strong></span> <span class='ocrx_word' id='word_1_202' title='bbox 373 3034 744 3102; x_wconf 85' lang='lat' dir='ltr'><strong>discrimine</strong></span> <span class='ocrx_word' id='word_1_203' title='bbox 788 3035 959 3102; x_wconf 90' lang='lat' dir='ltr'><strong>sedis</strong></span> <span class='ocrx_word' id='word_1_204' title='bbox 972 3082 994 3113; x_wconf 89' lang='lat'><em>,</em></span> <span class='ocrx_word' id='word_1_205' title='bbox 1036 3056 1246 3121; x_wconf 90' lang='lat' dir='ltr'><strong>aequo</strong></span> <span class='ocrx_word' id='word_1_206' title='bbox 1286 3036 1505 3103; x_wconf 88' lang='lat' dir='ltr'><strong>animo</strong></span> <span class='ocrx_word' id='word_1_207' title='bbox 1545 3036 1876 3113; x_wconf 79' lang='lat' dir='ltr'><strong>tulerunt3</strong></span> <span class='ocrx_word' id='word_1_208' title='bbox 1919 3042 1987 3100; x_wconf 91' lang='lat' dir='ltr'><strong>te</strong></span> <span class='ocrx_word' id='word_1_209' title='bbox 2030 3041 2290 3112; x_wconf 90' lang='lat' dir='ltr'><strong>orante,</strong></span> <span class='ocrx_word' id='word_1_210' title='bbox 2332 3034 2717 3119; x_wconf 84' lang='lat' dir='ltr'><strong>proscripto·</strong></span> 
     </span>
     <span class='ocr_line' id='line_1_24' title="bbox 261 3152 2715 3247; baseline -0.001 -26"><span class='ocrx_word' id='word_1_211' title='bbox 261 3177 409 3221; x_wconf 91' lang='lat' dir='ltr'><strong>rum</strong></span> <span class='ocrx_word' id='word_1_212' title='bbox 468 3156 706 3222; x_wconf 88' lang='lat' dir='ltr'><strong>liberos</strong></span> <span class='ocrx_word' id='word_1_213' title='bbox 775 3155 1054 3221; x_wconf 88' lang='lat' dir='ltr'><strong>honores</strong></span> <span class='ocrx_word' id='word_1_214' title='bbox 1120 3164 1340 3242; x_wconf 87' lang='lat' dir='ltr'><strong>petere</strong></span> <span class='ocrx_word' id='word_1_215' title='bbox 1395 3155 1666 3247; x_wconf 84' lang='lat' dir='ltr'><strong>puduit3</strong></span> <span class='ocrx_word' id='word_1_216' title='bbox 1718 3160 1909 3219; x_wconf 89' lang='lat' dir='ltr'><strong>tuum</strong></span> <span class='ocrx_word' id='word_1_217' title='bbox 1958 3152 2243 3221; x_wconf 86' lang='lat' dir='ltr'><strong>Catilina</strong></span> <span class='ocrx_word' id='word_1_218' title='bbox 2302 3153 2471 3239; x_wconf 86' lang='lat' dir='ltr'><strong>fugit</strong></span> <span class='ocrx_word' id='word_1_219' title='bbox 2534 3154 2715 3237; x_wconf 87' lang='lat' dir='ltr'><strong>inge-</strong></span> 
     </span>
     <span class='ocr_line' id='line_1_25' title="bbox 262 3273 1699 3361; baseline 0.001 -22"><span class='ocrx_word' id='word_1_220' title='bbox 262 3275 488 3355; x_wconf 80' lang='lat' dir='ltr'><strong>nium3</strong></span> <span class='ocrx_word' id='word_1_221' title='bbox 529 3281 606 3342; x_wconf 89' lang='lat' dir='ltr'><strong>tu</strong></span> <span class='ocrx_word' id='word_1_222' title='bbox 648 3276 748 3340; x_wconf 89' lang='lat' dir='ltr'><strong>M.</strong></span> <span class='ocrx_word' id='word_1_223' title='bbox 791 3274 1159 3340; x_wconf 87' lang='lat' dir='ltr'><strong>Antonium</strong></span> <span class='ocrx_word' id='word_1_224' title='bbox 1202 3273 1699 3361; x_wconf 87' lang='lat' dir='ltr'><strong>proscripsisti.”</strong></span> 
     </span>
    </p>

    <p class='ocr_par' dir='ltr' id='par_1_4' title="bbox 265 3392 2719 3600">
     <span class='ocr_line' id='line_1_26' title="bbox 351 3392 2719 3475; baseline -0 -13"><span class='ocrx_word' id='word_1_225' title='bbox 351 3397 544 3462; x_wconf 77' lang='lat' dir='ltr'><strong>Quae</strong></span> <span class='ocrx_word' id='word_1_226' title='bbox 583 3394 835 3475; x_wconf 47' lang='lat' dir='ltr'><strong>‚omnia</strong></span> <span class='ocrx_word' id='word_1_227' title='bbox 901 3395 1001 3458; x_wconf 86' lang='lat' dir='ltr'><strong>nil</strong></span> <span class='ocrx_word' id='word_1_228' title='bbox 1065 3394 1194 3459; x_wconf 88' lang='lat' dir='ltr'><strong>nisi</strong></span> <span class='ocrx_word' id='word_1_229' title='bbox 1255 3395 1430 3461; x_wconf 84' lang='lat' dir='ltr'><strong>facta</strong></span> <span class='ocrx_word' id='word_1_230' title='bbox 1483 3392 1816 3462; x_wconf 88' lang='lat' dir='ltr'><strong>Ciceronis</strong></span> <span class='ocrx_word' id='word_1_231' title='bbox 1863 3396 2240 3475; x_wconf 80' lang='lat' dir='ltr'><strong>continent3</strong></span> <span class='ocrx_word' id='word_1_232' title='bbox 2298 3393 2381 3461; x_wconf 89' lang='lat' dir='ltr'><strong>de</strong></span> <span class='ocrx_word' id='word_1_233' title='bbox 2425 3392 2719 3461; x_wconf 85' lang='lat' dir='ltr'><strong>oratioue</strong></span> 
     </span>
     <span class='ocr_line' id='line_1_27' title="bbox 265 3495 1961 3600; baseline 0.002 -24"><span class='ocrx_word' id='word_1_234' title='bbox 265 3514 335 3579; x_wconf 87' lang='lat' dir='ltr'><strong>in</strong></span> <span class='ocrx_word' id='word_1_235' title='bbox 375 3514 728 3579; x_wconf 78' lang='lat' dir='ltr'><strong>Catilinam</strong></span> <span class='ocrx_word' id='word_1_236' title='bbox 770 3514 911 3599; x_wconf 87' lang='lat' dir='ltr'><strong>ipsa</strong></span> <span class='ocrx_word' id='word_1_237' title='bbox 955 3535 1039 3580; x_wconf 93' lang='lat' dir='ltr'><strong>ne</strong></span> <span class='ocrx_word' id='word_1_238' title='bbox 1080 3495 1362 3580; x_wconf 77' lang='lat' dir='ltr'><strong>verbum</strong></span> <span class='ocrx_word' id='word_1_239' title='bbox 1391 3515 1655 3600; x_wconf 89' lang='lat' dir='ltr'><strong>quidem</strong></span> <span class='ocrx_word' id='word_1_240' title='bbox 1699 3515 1961 3582; x_wconf 84' lang='lat' dir='ltr'><strong>habent.</strong></span> 
     </span>
    </p>

    <p class='ocr_par' dir='ltr' id='par_1_5' title="bbox 269 3614 2725 4441">
     <span class='ocr_line' id='line_1_28' title="bbox 351 3614 2718 3717; baseline 0 -19"><span class='ocrx_word' id='word_1_241' title='bbox 351 3614 572 3699; x_wconf 88' lang='lat' dir='ltr'><strong>Huius</strong></span> <span class='ocrx_word' id='word_1_242' title='bbox 599 3634 794 3701; x_wconf 85' lang='lat' dir='ltr'><strong>verba</strong></span> <span class='ocrx_word' id='word_1_243' title='bbox 818 3634 978 3700; x_wconf 81' lang='lat' dir='ltr'><strong>haec</strong></span> <span class='ocrx_word' id='word_1_244' title='bbox 1016 3641 1171 3700; x_wconf 90' lang='lat' dir='ltr'><strong>sunt</strong></span> <span class='ocrx_word' id='word_1_245' title='bbox 1200 3644 1330 3698; x_wconf 80' lang='lat'>²³⁰:</span> <span class='ocrx_word' id='word_1_246' title='bbox 1383 3662 1417 3695; x_wconf 78' lang='lat' dir='ltr'><em>n</em></span> <span class='ocrx_word' id='word_1_247' title='bbox 1437 3636 1582 3702; x_wconf 91' lang='lat' dir='ltr'><strong>Nec</strong></span> <span class='ocrx_word' id='word_1_248' title='bbox 1616 3636 1997 3701; x_wconf 88' lang='lat' dir='ltr'><strong>Ciceronem</strong></span> <span class='ocrx_word' id='word_1_249' title='bbox 2037 3654 2344 3717; x_wconf 85' lang='lat' dir='ltr'><strong>magnum</strong></span> <span class='ocrx_word' id='word_1_250' title='bbox 2392 3640 2718 3700; x_wconf 89' lang='lat' dir='ltr'><strong>oratorem</strong></span> 
     </span>
     <span class='ocr_line' id='line_1_29' title="bbox 269 3751 2719 3838; baseline 0.001 -21"><span class='ocrx_word' id='word_1_251' title='bbox 269 3754 342 3817; x_wconf 92' lang='lat' dir='ltr'><strong>P.</strong></span> <span class='ocrx_word' id='word_1_252' title='bbox 385 3755 736 3821; x_wconf 79' lang='lat' dir='ltr'><strong>Quinctius</strong></span> <span class='ocrx_word' id='word_1_253' title='bbox 785 3755 1084 3821; x_wconf 87' lang='lat' dir='ltr'><strong>defensus</strong></span> <span class='ocrx_word' id='word_1_254' title='bbox 1098 3801 1122 3831; x_wconf 90' lang='lat'><em>,</em></span> <span class='ocrx_word' id='word_1_255' title='bbox 1166 3760 1282 3819; x_wconf 89' lang='lat' dir='ltr'><strong>aut</strong></span> <span class='ocrx_word' id='word_1_256' title='bbox 1337 3754 1632 3819; x_wconf 90' lang='lat' dir='ltr'><strong>Licinius</strong></span> <span class='ocrx_word' id='word_1_257' title='bbox 1675 3754 1947 3819; x_wconf 83' lang='lat' dir='ltr'><strong>Archias</strong></span> <span class='ocrx_word' id='word_1_258' title='bbox 1993 3758 2187 3838; x_wconf 80' lang='lat' dir='ltr'><strong>poeta</strong></span> <span class='ocrx_word' id='word_1_259' title='bbox 2219 3751 2505 3830; x_wconf 84' lang='lat' dir='ltr'><strong>faciunt3</strong></span> <span class='ocrx_word' id='word_1_260' title='bbox 2540 3753 2719 3820; x_wconf 89' lang='lat' dir='ltr'><strong>Cati-</strong></span> 
     </span>
     <span class='ocr_line' id='line_1_30' title="bbox 269 3871 2721 3942; baseline 0.002 -7"><span class='ocrx_word' id='word_1_261' title='bbox 269 3871 404 3938; x_wconf 89' lang='lat' dir='ltr'><strong>lina</strong></span> <span class='ocrx_word' id='word_1_262' title='bbox 449 3880 516 3939; x_wconf 89' lang='lat' dir='ltr'><strong>et</strong></span> <span class='ocrx_word' id='word_1_263' title='bbox 569 3876 740 3942; x_wconf 89' lang='lat' dir='ltr'><strong>Milo</strong></span> <span class='ocrx_word' id='word_1_264' title='bbox 790 3882 858 3942; x_wconf 91' lang='lat' dir='ltr'><strong>et</strong></span> <span class='ocrx_word' id='word_1_265' title='bbox 901 3876 1136 3941; x_wconf 86' lang='lat' dir='ltr'><strong>Verres</strong></span> <span class='ocrx_word' id='word_1_266' title='bbox 1176 3880 1244 3940; x_wconf 90' lang='lat' dir='ltr'><strong>et</strong></span> <span class='ocrx_word' id='word_1_267' title='bbox 1282 3874 1612 3940; x_wconf 85' lang='lat' dir='ltr'><strong>Antonius</strong></span> <span class='ocrx_word' id='word_1_268' title='bbox 1658 3875 1830 3939; x_wconf 89' lang='lat' dir='ltr'><strong>hanc</strong></span> <span class='ocrx_word' id='word_1_269' title='bbox 1862 3873 1963 3937; x_wconf 92' lang='lat' dir='ltr'><strong>illi</strong></span> <span class='ocrx_word' id='word_1_270' title='bbox 2008 3871 2249 3937; x_wconf 85' lang='lat' dir='ltr'><strong>famam</strong></span> <span class='ocrx_word' id='word_1_271' title='bbox 2285 3872 2721 3939; x_wconf 89' lang='lat' dir='ltr'><strong>circumdede-</strong></span> 
     </span>
     <span class='ocr_line' id='line_1_31' title="bbox 269 3993 2725 4082; baseline 0.001 -25"><span class='ocrx_word' id='word_1_272' title='bbox 269 3993 488 4062; x_wconf 86' lang='lat' dir='ltr'><strong>runt.&#39;’</strong></span> <span class='ocrx_word' id='word_1_273' title='bbox 572 3996 674 4061; x_wconf 86' lang='lat' dir='ltr'><strong>Ex</strong></span> <span class='ocrx_word' id='word_1_274' title='bbox 733 3995 968 4081; x_wconf 89' lang='lat' dir='ltr'><strong>quibus</strong></span> <span class='ocrx_word' id='word_1_275' title='bbox 1014 3994 1224 4062; x_wconf 87' lang='lat' dir='ltr'><strong>verbis</strong></span> <span class='ocrx_word' id='word_1_276' title='bbox 1280 4017 1417 4061; x_wconf 91' lang='lat' dir='ltr'><strong>non</strong></span> <span class='ocrx_word' id='word_1_277' title='bbox 1473 4000 1739 4082; x_wconf 88' lang='lat' dir='ltr'><strong>apparet</strong></span> <span class='ocrx_word' id='word_1_278' title='bbox 1778 3999 2107 4060; x_wconf 88' lang='lat' dir='ltr'><strong>auctorem</strong></span> <span class='ocrx_word' id='word_1_279' title='bbox 2143 4013 2434 4077; x_wconf 88' lang='lat' dir='ltr'><strong>unquam</strong></span> <span class='ocrx_word' id='word_1_280' title='bbox 2488 3993 2725 4059; x_wconf 87' lang='lat' dir='ltr'><strong>vidisse</strong></span> 
     </span>
     <span class='ocr_line' id='line_1_32' title="bbox 273 4112 2721 4199; baseline 0 -23"><span class='ocrx_word' id='word_1_281' title='bbox 273 4114 716 4181; x_wconf 88' lang='lat' dir='ltr'><strong>Catilinariam</strong></span> <span class='ocrx_word' id='word_1_282' title='bbox 776 4117 1050 4198; x_wconf 78' lang='lat' dir='ltr'><strong>primam</strong></span> <span class='ocrx_word' id='word_1_283' title='bbox 1070 4142 1090 4178; x_wconf 85' lang='lat'><strong>.-</strong></span> <span class='ocrx_word' id='word_1_284' title='bbox 1163 4118 1342 4199; x_wconf 87' lang='lat' dir='ltr'><strong>(nam</strong></span> <span class='ocrx_word' id='word_1_285' title='bbox 1413 4115 1493 4181; x_wconf 92' lang='lat' dir='ltr'><strong>de</strong></span> <span class='ocrx_word' id='word_1_286' title='bbox 1553 4114 1783 4181; x_wconf 88' lang='lat' dir='ltr'><strong>ceteris</strong></span> <span class='ocrx_word' id='word_1_287' title='bbox 1834 4114 1906 4177; x_wconf 90' lang='lat' dir='ltr'><strong>in</strong></span> <span class='ocrx_word' id='word_1_288' title='bbox 1960 4120 2239 4199; x_wconf 89' lang='lat' dir='ltr'><strong>utroque</strong></span> <span class='ocrx_word' id='word_1_289' title='bbox 2286 4112 2467 4190; x_wconf 82' lang='lat' dir='ltr'><strong>locO,</strong></span> <span class='ocrx_word' id='word_1_290' title='bbox 2510 4133 2721 4177; x_wconf 89' lang='lat' dir='ltr'><strong>sermo</strong></span> 
     </span>
     <span class='ocr_line' id='line_1_33' title="bbox 274 4230 2722 4322; baseline -0.002 -23"><span class='ocrx_word' id='word_1_291' title='bbox 274 4254 356 4299; x_wconf 91' lang='lat' dir='ltr'><strong>ne</strong></span> <span class='ocrx_word' id='word_1_292' title='bbox 403 4241 618 4320; x_wconf 90' lang='lat' dir='ltr'><strong>potest</strong></span> <span class='ocrx_word' id='word_1_293' title='bbox 674 4234 936 4320; x_wconf 88' lang='lat' dir='ltr'><strong>quidem</strong></span> <span class='ocrx_word' id='word_1_294' title='bbox 986 4233 1148 4322; x_wconf 89' lang='lat' dir='ltr'><strong>esse)</strong></span> <span class='ocrx_word' id='word_1_295' title='bbox 1169 4282 1191 4313; x_wconf 88' lang='lat'><em>,</em></span> <span class='ocrx_word' id='word_1_296' title='bbox 1235 4236 1362 4300; x_wconf 90' lang='lat' dir='ltr'><strong>hoc</strong></span> <span class='ocrx_word' id='word_1_297' title='bbox 1405 4234 1616 4301; x_wconf 88' lang='lat' dir='ltr'><strong>solum</strong></span> <span class='ocrx_word' id='word_1_298' title='bbox 1670 4233 1949 4311; x_wconf 76' lang='lat' dir='ltr'><strong>indicat,</strong></span> <span class='ocrx_word' id='word_1_299' title='bbox 2003 4232 2315 4306; x_wconf 83' lang='lat' dir='ltr'><strong>maiorem</strong></span> <span class='ocrx_word' id='word_1_300' title='bbox 2358 4230 2599 4294; x_wconf 87' lang='lat' dir='ltr'><strong>famam</strong></span> <span class='ocrx_word' id='word_1_301' title='bbox 2643 4250 2722 4294; x_wconf 86' lang='lat' dir='ltr'><strong>ex</strong></span> 
     </span>
     <span class='ocr_line' id='line_1_34' title="bbox 275 4349 2722 4441; baseline -0 -26"><span class='ocrx_word' id='word_1_302' title='bbox 275 4351 399 4419; x_wconf 90' lang='lat' dir='ltr'><strong>illis</strong></span> <span class='ocrx_word' id='word_1_303' title='bbox 458 4355 667 4421; x_wconf 85' lang='lat' dir='ltr'><strong>causis</strong></span> <span class='ocrx_word' id='word_1_304' title='bbox 734 4354 1112 4419; x_wconf 89' lang='lat' dir='ltr'><strong>Ciceronem</strong></span> <span class='ocrx_word' id='word_1_305' title='bbox 1175 4352 1419 4420; x_wconf 90' lang='lat' dir='ltr'><strong>idcirco</strong></span> <span class='ocrx_word' id='word_1_306' title='bbox 1473 4355 1825 4441; x_wconf 89' lang='lat' dir='ltr'><strong>accepisse,</strong></span> <span class='ocrx_word' id='word_1_307' title='bbox 1872 4352 2047 4438; x_wconf 90' lang='lat' dir='ltr'><strong>quod</strong></span> <span class='ocrx_word' id='word_1_308' title='bbox 2094 4349 2312 4417; x_wconf 90' lang='lat' dir='ltr'><strong>omnia</strong></span> <span class='ocrx_word' id='word_1_309' title='bbox 2372 4369 2575 4432; x_wconf 90' lang='lat' dir='ltr'><strong>quum</strong></span> <span class='ocrx_word' id='word_1_310' title='bbox 2644 4368 2722 4414; x_wconf 95' lang='lat' dir='ltr'><strong>eo</strong></span> 
     </span>
    </p>
   </div>
   <div class='ocr_carea' id='block_1_4' title="bbox 332 4644 1256 4806">
    <p class='ocr_par' dir='ltr' id='par_1_6' title="bbox 332 4644 1256 4806">
     <span class='ocr_line' id='line_1_35' title="bbox 332 4644 1080 4719; baseline 0.009 -15"><span class='ocrx_word' id='word_1_311' title='bbox 332 4644 416 4719; x_wconf 81' lang='lat'>²²⁹)</span> <span class='ocrx_word' id='word_1_312' title='bbox 451 4653 587 4707; x_wconf 88' lang='lat' dir='ltr'><strong>Plin.</strong></span> <span class='ocrx_word' id='word_1_313' title='bbox 621 4656 694 4707; x_wconf 88' lang='grc' dir='ltr'><strong>Η.</strong></span> <span class='ocrx_word' id='word_1_314' title='bbox 729 4659 796 4711; x_wconf 77' lang='lat' dir='ltr'><strong>N.</strong></span> <span class='ocrx_word' id='word_1_315' title='bbox 832 4661 960 4715; x_wconf 87' lang='lat' dir='ltr'><strong>VII.</strong></span> <span class='ocrx_word' id='word_1_316' title='bbox 996 4665 1080 4711; x_wconf 81' lang='lat'><strong>31.</strong></span> 
     </span>
     <span class='ocr_line' id='line_1_36' title="bbox 333 4732 1256 4806; baseline 0.005 -13"><span class='ocrx_word' id='word_1_317' title='bbox 333 4732 418 4806; x_wconf 78' lang='lat'>²³⁰)</span> <span class='ocrx_word' id='word_1_318' title='bbox 453 4741 606 4795; x_wconf 86' lang='lat' dir='ltr'><strong>Auct.</strong></span> <span class='ocrx_word' id='word_1_319' title='bbox 642 4744 758 4796; x_wconf 85' lang='lat' dir='ltr'><strong>dial.</strong></span> <span class='ocrx_word' id='word_1_320' title='bbox 797 4746 858 4800; x_wconf 84' lang='lat' dir='ltr'><strong>de</strong></span> <span class='ocrx_word' id='word_1_321' title='bbox 894 4745 1056 4801; x_wconf 76' lang='lat' dir='ltr'><strong>Oratt.</strong></span> <span class='ocrx_word' id='word_1_322' title='bbox 1093 4761 1135 4798; x_wconf 86' lang='lat' dir='ltr'><strong>c.</strong></span> <span class='ocrx_word' id='word_1_323' title='bbox 1173 4748 1256 4798; x_wconf 86' lang='grc'><strong>37.</strong></span> 
     </span>
    </p>
   </div>
  </div>
 </body>
</html>
