3375 5500
1438 393 1522 456 13

253 599 468 674 aciem
515 599 762 674 horum
811 597 1256 673 auctoritatis,
1331 597 1699 674 Habemus
1736 600 1922 675 enim
1955 601 2355 682 huiusmodi
2380 608 2471 700 1⁰)
2506 633 2697 688 sena-

254 727 760 804 tusconsultum
779 786 799 815 ,
849 732 1323 802 verumtamen
1367 728 1460 818 11)
1510 728 1858 804 inclusum
1899 729 1967 802 in
2016 729 2273 808 tabulis
2288 792 2307 822 ,
2368 743 2701 837 tanquam

249 857 322 930 in
368 855 618 956 vagina
643 855 1074 930 reconditum
1099 914 1120 943 ,
1171 879 1311 953 quo
1357 881 1442 930 ex
1486 857 2081 934 senatusconsulto
2106 860 2467 938 confestim
2490 865 2699 944 inter-

250 983 512 1060 fectum
555 993 626 1059 te
674 1008 824 1058 esse
867 986 959 1076 1²¹³)
987 1042 1006 1072 ,
1058 981 1360 1058 Catilina
1403 985 1741 1060 convenit.
1842 985 2035 1061 Vivis
2054 1046 2073 1076 ,
2121 996 2191 1063 et
2240 991 2409 1066 vivis
2447 1018 2587 1068 non
2610 998 2701 1070 ad

248 1111 731 1211 deponendam
749 1170 770 1201 ,
821 1112 944 1185 sed
986 1111 1078 1185 ad
1121 1112 1663 1188 confirmandam
1704 1113 2084 1191 audaciam.
2155 1117 2381 1217 Cupio
2400 1179 2421 1209 ,
2472 1128 2702 1219 patres

245 1242 651 1341 conscripti,
699 1267 812 1316 me
857 1265 1006 1314 esse
1055 1240 1502 1328 clementem3
1549 1241 1755 1340 cupio
1804 1243 1877 1317 in
1923 1243 2134 1317 tantis
2180 1245 2349 1344 reip.
2382 1249 2702 1347 periculis

243 1395 360 1444 me
397 1395 540 1444 non
591 1369 1009 1444 dissolutum
1053 1368 1269 1443 videri
1285 1402 1304 1456 ;
1353 1368 1477 1444 sed
1520 1368 1660 1444 iam
1704 1394 1817 1443 me
1858 1370 2091 1469 ipsum
2117 1373 2208 1464 ¹²³)
2258 1373 2544 1452 inertiae
2580 1403 2699 1454 ne-

245 1497 653 1595 quitiaeque
687 1498 1088 1572 condemno,
1174 1501 1238 1573 5.
1283 1497 1528 1573 Castra
1553 1507 1717 1572 sunt
1744 1499 1817 1572 in
1840 1499 2045 1576 Italia
2070 1509 2305 1578 contra
2325 1507 2701 1605 rempubli-

245 1650 402 1700 cam
443 1626 538 1716 1⁴)
583 1625 657 1698 in
697 1625 1014 1700 Etruriae
1053 1624 1372 1700 faucibus
1405 1626 1731 1702 collocata
1749 1686 1770 1715 ,
1811 1628 2053 1703 crescit
2087 1628 2160 1702 in
2206 1631 2354 1706 dies
2394 1632 2703 1733 singulos

342 1782 410 1850 ¹⁰)
445 1785 651 1836 huiusce
684 1787 840 1837 modi.
994 1784 1058 1853 11)
1093 1793 1280 1838 tamen.
1314 1788 1456 1838 omis.
1630 1783 1694 1854 ¹²)
1728 1794 1781 1840 te
1814 1788 2130 1842 interfectum
2169 1805 2290 1843 esse.
2464 1789 2528 1862 15)
2559 1793 2680 1860 ipse.

265 1868 330 1939 14)
366 1871 609 1937 populum
641 1869 949 1925 Romanum.

239 2124 301 2184 in
358 2121 574 2200 vagina
626 2119 975 2179 reconditus
1023 2137 1148 2178 non
1202 2118 1490 2180 hebescit.
1548 2154 1629 2164 —
1677 2120 1964 2180 inclusum
2018 2120 2082 2181 in
2132 2121 2357 2182 tabulis
2442 2121 2521 2183 Ut
2562 2123 2710 2184 haec

237 2219 468 2298 aliquid
524 2213 865 2296 significare
921 2215 1179 2294 possint,
1235 2235 1480 2278 necesse
1523 2217 1640 2278 fuit
1680 2226 1751 2276 ut
1794 2217 2034 2278 tabulae
2078 2218 2483 2296 aperirentur,
2525 2241 2709 2299 quum

239 2335 315 2378 eo
365 2313 508 2375 Set-o
562 2311 840 2373 consules
894 2319 1098 2370 essent
1154 2312 1340 2370 usuri.
1424 2310 1740 2394 Inelegans
1794 2321 1859 2372 et
1912 2312 2230 2392 subinepta
2285 2323 2379 2374 est
2418 2333 2599 2394 porro
2638 2336 2710 2378 ea

238 2411 632 2494 comparatio,
675 2406 884 2468 Sctum
917 2406 1070 2468 illud
1105 2408 1168 2467 in
1205 2407 1420 2486 vagina
1459 2426 1590 2468 esse
1627 2407 2037 2468 reconditum:
2073 2417 2137 2468 et
2172 2411 2475 2488 quomodo
2504 2410 2710 2474 Sctum

239 2512 394 2574 illud
449 2507 676 2570 includi
732 2503 1008 2584 poterat?
1060 2505 1262 2582 heque
1319 2502 1574 2565 Catilina
1629 2512 1762 2564 erat
1816 2521 1893 2564 ex
1940 2521 2015 2564 eo
2058 2502 2199 2566 Scto
2238 2505 2709 2570 interficiendus,

241 2607 323 2668 Ut
367 2625 542 2687 supra
597 2603 760 2665 enim
815 2602 974 2672 dixi,
1031 2619 1210 2663 nemo
1252 2601 1318 2662 in
1360 2599 1502 2662 Scto
1543 2600 1899 2662 nominatim
1950 2600 2357 2672 indicabatur,
2398 2607 2712 2666 consulum

239 2713 376 2765 erat
417 2701 623 2765 videre
667 2701 814 2780 quid
857 2699 1199 2763 faciendum
1241 2708 1417 2762 esset.
1459 2733 1542 2744 —
1584 2697 1867 2768 convenit,
1910 2698 2035 2759 sive
2078 2716 2187 2778 per
2227 2717 2540 2779 praesens,
2584 2702 2709 2765 sive

239 2820 349 2882 per
389 2801 724 2881 perfectum
780 2798 1010 2860 dictum
1066 2807 1273 2878 putes,
1322 2796 1607 2859 vitiosum
1656 2806 1779 2858 est:
1834 2796 2167 2875 requiritur
2206 2796 2367 2857 enim
2401 2796 2710 2878 imperfec-

237 2908 399 2967 tum;
441 2896 549 2958 sed
591 2914 789 2975 neque
823 2894 940 2955 hoc
974 2895 1157 2955 modo
1199 2912 1298 2954 res
1339 2894 1666 2974 procedere
1704 2903 1932 2974 potest:
1973 2903 2137 2955 recte
2174 2893 2445 2956 Muretus
2478 2896 2599 2955 iam
2635 2897 2710 2957 ad

235 2994 399 3055 hune
439 2994 642 3055 locum
682 2991 994 3054 adnotavit
1035 3011 1090 3071 p.
1137 2990 1284 3051 542:
1343 3008 1669 3069 »quaeram
1713 2989 1919 3068 ecquis
1968 3007 2265 3068 unquam,
2308 2990 2412 3069 qui
2449 2990 2710 3069 aliquem

235 3090 416 3151 modo
466 3086 719 3150 Latinae
768 3088 1012 3167 linguae
1069 3104 1312 3147 sensum
1360 3084 1616 3147 haberet
1667 3086 1755 3145 ita
1810 3085 2046 3145 locutus
2102 3084 2287 3145 fuerit
2338 3086 2709 3156 61-(1166161,

237 3184 492 3247 convenit
532 3184 728 3245 statim
766 3184 829 3245 id
869 3182 1104 3261 fecisse,
1145 3201 1255 3262 pro
1296 3200 1370 3243 eo
1413 3182 1576 3262 quod
1620 3189 1745 3250 est,
1788 3181 1993 3243 statim
2035 3181 2099 3241 id
2134 3180 2345 3243 fecisse
2390 3184 2710 3263 oportuit.”

236 3316 314 3325 —-
354 3279 707 3341 dissolutum.
793 3277 987 3340 Huius
1036 3276 1330 3340 vocabulo
1385 3277 1508 3339 vim
1561 3286 1767 3339 orator
1807 3295 1931 3338 non
1974 3287 2332 3357 assequutus
2374 3297 2504 3339 esse
2547 3277 2709 3341 vide-

239 3385 367 3435 tur:
404 3376 734 3437 dissolutus
768 3376 930 3435 enim
968 3375 1294 3455 opponitur.
1317 3372 1627 3435 vehementi
1660 3392 1715 3434 v.
1746 3392 1795 3432 c.
1834 3373 1990 3453 apud
2024 3372 2141 3434 Cic.
2178 3372 2249 3433 ΙΙ.
2278 3393 2329 3434 v.
2360 3378 2455 3435 40.
2491 3375 2539 3456 ἓ
2574 3375 2707 3435 105.

240 3474 337 3534 vel
393 3472 614 3534 erudeli
667 3470 812 3534 ibid.
856 3472 910 3533 3.
953 3471 1004 3553 5
1047 3473 1100 3531 7.
1149 3472 1468 3533 »maluisse
1520 3469 1851 3534 Domitium
1902 3471 2187 3531 crudelem
2224 3472 2289 3531 in
2339 3471 2709 3533 animadver-

241 3569 453 3639 tendo,
503 3587 683 3648 quam
719 3570 784 3630 in
827 3568 1368 3650 praetermittendo
1410 3568 1750 3629 dissolutum
1789 3568 1982 3630 videri
1998 3567 2049 3637 ;'’
2091 3568 2210 3628 iam
2252 3586 2399 3629 vero
2439 3586 2556 3626 non
2595 3566 2709 3627 dis-

241 3666 458 3727 solutus
507 3674 601 3727 est
643 3684 918 3727 severus:
960 3666 1150 3746 igitur
1189 3665 1343 3727 duae
1393 3665 1762 3735 sententiae,
1804 3683 1957 3744 quae
1994 3663 2155 3725 idem
2204 3664 2333 3725 fere
2369 3660 2707 3741 significare

241 3760 574 3831 debebant,
616 3780 650 3823 e
693 3762 943 3842 regione
985 3762 1101 3823 sibi
1142 3769 1544 3840 opponuntur.

322 3856 528 3919 Castra
561 3864 696 3919 aunt
727 3858 794 3919 in
824 3856 1004 3920 Italia
1215 3852 1659 3935 speculabuntur
1678 3859 1845 3935 atque
1864 3853 2192 3917 custodient.
2243 3886 2325 3897 —
2344 3851 2410 3912 in
2431 3849 2710 3913 Etruriae

241 3954 521 4030 faucibus.
603 3952 832 4015 Fauces
873 3956 1070 4015 solent
1117 3953 1238 4015 dici
1282 3953 1326 4013 ii
1378 3952 1494 4013 loci
1539 3952 1917 4033 angustiores
1950 3970 2060 4032 per
2095 3970 2247 4030 quos
2290 3950 2490 4011 aditus
2518 3959 2613 4011 est
2642 3950 2707 4011 in

239 4050 438 4112 locum
481 4060 785 4131 aperturm
837 4052 1018 4114 sic.v.
1061 4069 1108 4111 c.
1151 4068 1350 4111 sermo
1393 4059 1486 4111 est
1527 4048 1604 4111 de
1639 4049 1913 4112 saucibus
1954 4048 2394 4131 angustissimis
2437 4046 2705 4115 Ciliciae;

243 4156 303 4207 61
332 4146 660 4209 Corinthus
694 4146 919 4208 dicitur
949 4148 1144 4227 posita
1176 4147 1242 4209 in
1278 4146 1572 4229 angustiis
1607 4155 1668 4207 et
1703 4145 1975 4207 faucibus
2008 4144 2289 4207 Graeciae
2312 4145 2423 4213 sic,
2446 4152 2516 4203 ut
2543 4152 2705 4202 terra

241 4243 501 4306 claustra
555 4243 824 4305 locorum
880 4252 1119 4305 teneret
1174 4252 1238 4305 et
1293 4243 1416 4305 duo
1468 4242 1657 4304 maria
1716 4243 1975 4305 maxime
2037 4240 2407 4321 navigationi
2468 4237 2705 4297 diversa

241 4356 432 4417 paene
475 4341 897 4421 coniungeret,
941 4340 1099 4419 apud
1142 4339 1258 4401 Cic.
1301 4339 1378 4401 de
1420 4338 1555 4419 lege
1599 4339 1741 4417 Agr.
1786 4337 1855 4399 ΙΙ.
1893 4338 1987 4400 32.
2020 4336 2069 4418 §
2098 4337 2192 4399 87.
2278 4332 2404 4393 Η66
2445 4332 2521 4393 de
2557 4330 2704 4392 Fae-

245 4435 388 4497 sulis
429 4436 549 4497 dici
591 4456 716 4497 non
756 4446 987 4517 potest;
1031 4455 1172 4497 nam
1214 4445 1536 4515 antequam
1570 4454 1834 4516 pugnam
1867 4433 2162 4497 commisit
2198 4431 2483 4499 Catilina,
2519 4447 2704 4509 quum

241 4533 440 4595 nuntii
477 4534 555 4594 ad
589 4552 729 4595 eum
763 4535 1071 4595 venissent
1105 4532 1326 4593 Romae
1361 4531 1837 4593 coniurationem
1865 4550 1996 4592 esse
2024 4529 2379 4611 pateractam
2395 4572 2412 4596 ,
2434 4535 2496 4587 ct
2518 4540 2703 4604 quum

243 4628 418 4689 multi
457 4628 685 4691 milites
727 4631 899 4711 signa
941 4630 1387 4709 relinquerent,
1429 4636 1679 4690 conatus
1722 4637 1814 4689 est
1855 4646 1965 4708 per
2006 4644 2217 4708 agrum
2252 4623 2703 4689 Pistoriensem,

247 4725 347 4801 qui
389 4744 424 4786 a
467 4727 882 4805 septentrione
924 4737 1018 4789 est
1053 4726 1181 4807 agri
1217 4724 1562 4794 Faesulani,
1604 4725 1668 4787 in
1704 4723 1954 4787 Galliam
1990 4722 2439 4805 Transalpinam
2471 4719 2700 4799 fugere.
