3375 5500
1812 376 1899 440 36

626 587 880 662 civium
954 583 1414 660 transtulisti?
1512 583 1604 658 X.
1675 587 1791 656 25.
1880 581 2029 654 Ibis
2106 581 2385 654 tandem
2454 579 2825 678 aliquando
2846 639 2865 668 ‚
2946 605 3086 678 quo

627 725 696 790 te
739 714 1146 814 iampridem
1193 720 1316 788 tua
1359 713 1493 787 ista
1533 714 1630 805 ⁵8)
1677 710 2023 810 cupiditas
2068 709 2395 784 effrenata
2438 734 2516 782 ac
2556 708 2813 782 furiosa
2861 709 3081 807 rapie-

626 845 766 918 bat.
867 844 1117 941 Neque
1167 843 1353 914 enim
1402 840 1532 914 tibi
1577 840 1745 913 haec
1790 863 1899 912 res
1938 837 2135 911 affert
2181 837 2513 924 dolorem,
2570 837 2692 909 sed
2734 835 3089 934 quandam

629 972 1103 1047 incredibilem
1169 971 1613 1069 voluptatem.
1715 967 1833 1042 Ad
1891 966 2067 1040 hanc
2126 975 2197 1040 te
2242 965 2613 1040 amentiam
2667 971 2915 1038 natura
2968 989 3087 1062 pe-

720 1131 784 1202 58)
818 1135 912 1184 ista
943 1141 1044 1183 tua.

711 1352 886 1423 Quod
930 1350 1207 1430 sequitur
1248 1358 1428 1429 caput
1471 1350 1580 1417 10,
1623 1367 1747 1408 non
1782 1348 2028 1410 videtur·
2068 1367 2102 1408 a
2145 1347 2391 1408 rhetore
2433 1365 2544 1406 suo
2578 1347 2709 1406 loco
2746 1363 2875 1407 esse
2920 1363 3098 1424 appo-

629 1451 826 1510 situm.
913 1446 974 1508 Si
1018 1447 1230 1508 saltem
1272 1447 1371 1515 iis,
1414 1464 1568 1524 quac
1610 1444 1727 1506 hoc
1784 1445 1977 1524 capite
2021 1446 2311 1524 leguntur
2346 1444 2513 1503 locus
2548 1440 2969 1502 concedendus
3006 1450 3100 1500 est

627 1545 691 1606 in
717 1544 1022 1611 oratione,
1064 1561 1182 1621 qua
1213 1543 1348 1622 quis
1379 1541 1618 1602 hostem
1649 1541 1879 1621 patriae
1916 1541 1981 1600 in
2016 1540 2294 1601 exsilium
2321 1539 2537 1608 mittit,
2578 1539 2843 1618 pertinet
2866 1537 2942 1597 ad
2965 1557 3101 1597 eam

629 1649 860 1720 partem
903 1640 968 1700 in
1009 1657 1126 1718 qua
1163 1636 1454 1698 Catilinae
1497 1638 1686 1698 suasit
1723 1647 1793 1698 ut
1835 1635 2047 1697 urbem
2076 1636 2479 1714 relinqueret,
2521 1635 2683 1712 quod
2724 1633 2878 1694 nihil
2913 1643 3103 1704 esset,

628 1737 792 1816 quod
828 1755 968 1796 eum
1003 1735 1066 1794 in
1108 1733 1260 1796 urbe
1305 1743 1506 1816 posset
1555 1734 1877 1794 delectare.
1962 1732 2031 1793 In
2071 1732 2188 1794 hoc
2241 1742 2446 1792 autem
2482 1732 2674 1810 capite
2711 1729 2859 1790 dicit
2896 1739 3104 1790 orator

626 1830 917 1892 Catilinae
961 1830 1395 1910 profectionem
1445 1848 1570 1890 non
1621 1830 1893 1891 dolorem
1944 1829 2051 1889 sed
2092 1829 2462 1908 voluptatem
2506 1826 2922 1886 incredibilem
2958 1827 3101 1885 alla-

627 1939 827 1989 turam
883 1936 1280 2004 recensetque
1331 1944 1541 1987 causas
1583 1943 1658 1986 ex
1702 1925 1921 2004 quibus
1964 1925 2219 1985 Catilina
2261 1923 2549 2005 gaudium
2586 1932 2649 1982 et
2681 1923 2975 1982 laetitiam
3018 1923 3104 1982 sit

625 2031 1050 2103 percepturus,
1093 2021 1143 2080 si
1185 2021 1249 2080 in
1285 2031 1480 2081 castra
1530 2019 1807 2082 Malliana
1850 2022 2143 2100 pervenit.
2228 2019 2485 2082 Ultimae
2521 2029 2725 2080 tamen
2760 2019 3103 2080 sententiae

624 2117 943 2180 commodo
1006 2115 1370 2178 cohaereant
1425 2133 1549 2176 non
1611 2125 1706 2176 est
1770 2117 2167 2195 perspicuum.
2274 2113 2495 2174 Scribit
2558 2114 2720 2175 enim
2783 2113 3104 2174 Catilinam

624 2213 793 2275 brevi
851 2211 1190 2273 consectum
1239 2213 1370 2272 sore
1421 2212 1715 2292 patientia
1764 2211 2037 2292 frigori3‚
2094 2211 2297 2281 famiS,
2352 2211 2591 2289 inopiae
2648 2229 2852 2272 rerum
2910 2213 3105 2272 omni-

625 2328 762 2378 um;
819 2309 1038 2388 quibus
1095 2309 1292 2369 addit:
1350 2307 1654 2369 »Tantum
1699 2309 1924 2389 profeci
1970 2318 2101 2368 tum
2148 2327 2285 2368 cum
2328 2316 2389 2367 te
2434 2326 2467 2366 a
2504 2308 2821 2368 consulatu
2862 2309 3107 2387 reppuli

625 2414 696 2465 ut
738 2405 910 2464 exsul
959 2402 1359 2484 (exspectares
1412 2403 1564 2464 brevi
1599 2403 1987 2464 succumberes
2026 2404 2123 2465 vel
2166 2404 2287 2463 tale
2325 2403 2499 2482 quid,
2535 2403 2757 2465 additis
2790 2405 3107 2464 nonnullis

623 2499 892 2570 flosculis
951 2500 1271 2569 orationis;
1336 2509 1398 2560 at
1450 2501 1675 2560 oratori
1734 2499 1987 2579 placuit:
2037 2508 2109 2559 ut
2156 2499 2329 2560 exsul
2378 2499 2577 2578 potius
2626 2509 2861 2560 tentare
2920 2519 3107 2578 quam

623 2601 837 2661 consul
890 2617 1110 2660 vexare
1167 2596 1597 2676 rempublicam
1659 2595 1901 2676 posses”
1942 2595 2162 2674 quibus
2210 2596 2275 2654 in
2332 2596 2531 2656 verbis
2583 2597 2894 2676 egregium
2945 2598 3103 2658 illud

625 2695 896 2757 studium
954 2695 1347 2775 oppositionis
1409 2695 1610 2757 locum
1671 2693 1840 2757 dedit
1903 2711 2062 2755 voce.
2120 2691 2349 2761 consul,
2404 2693 2501 2754 cui
2559 2710 2939 2773 nequaquam
2996 2693 3104 2757 hic

626 2794 800 2855 sedes
840 2793 1053 2854 fuisset
1095 2792 1309 2855 danda.

705 2984 824 3046 Ibis
855 2986 1084 3046 tandem
1113 2984 1424 3065 aliquando
1702 2981 1895 3063 potius
1916 2999 2086 3063 quam
2116 2981 2325 3041 bellum
2352 2981 2760 3042 noni-inaretur.
2844 3016 2925 3026 --
2946 2983 3109 3061 cupi-

625 3080 780 3140 ditas
823 3081 978 3141 solet
1011 3083 1130 3143 dici
1165 3084 1242 3143 de
1287 3082 1562 3151 avaritia,
1605 3081 1859 3142 libidine
1904 3089 2043 3139 cett.
2081 3079 2118 3138 i.
2156 3096 2207 3138 ε.
2244 3079 2320 3138 de
2359 3080 2430 3137 iis
2464 3077 2679 3147 rebuS‚
2722 3078 2943 3158 quibus
2976 3098 3107 3139 cer-

630 3186 764 3236 tum
821 3176 1122 3239 obiectum
1178 3189 1274 3240 est
1325 3188 1394 3237 ut
1429 3198 1484 3238 v.
1528 3198 1576 3237 c.
1619 3178 1804 3237 etiam
1840 3177 2064 3237 dicitur
2110 3175 2185 3234 de
2231 3175 2432 3235 studio
2474 3176 2767 3253 partium:
2808 3177 2905 3236 vel
2948 3176 3110 3237 solet

627 3270 913 3351 coniungi
977 3290 1115 3333 cum
1181 3272 1452 3352 genitivo
1524 3272 1686 3331 illius
1751 3271 1874 3339 rei,
1942 3288 2096 3349 quae
2160 3269 2507 3349 cupiditatis
2567 3270 2732 3330 illius
2800 3271 3109 3332 obiectum

629 3376 754 3435 est3
818 3368 903 3426 sic
953 3366 1250 3446 cupiditas
1299 3376 1361 3425 et
1419 3367 1669 3428 avaritia
1727 3386 1761 3426 a
1816 3364 2103 3425 Cicerone
2154 3366 2392 3444 saepius
2446 3367 2903 3448 coniunguntur
2955 3388 3009 3428 v.
3054 3388 3109 3429 c.

627 3462 692 3521 in
729 3459 889 3522 Orat.
927 3482 981 3541 p.
1019 3460 1154 3521 Sex.
1191 3458 1361 3521 Rosc.
1399 3461 1494 3521 35.
1531 3460 1581 3542 ἓ
1617 3462 1763 3522 101:
1807 3486 1833 3515 n
1845 3460 2116 3541 profecto
2150 3479 2272 3520 non
2308 3471 2431 3521 tam
2467 3463 2780 3542 perspicue
2814 3482 2926 3525 nos
2961 3466 3111 3526 isto-

627 3578 763 3619 rum
796 3558 1093 3622 maleficia
1149 3558 1524 3627 videremus,
1574 3560 1692 3619 nisi
1744 3559 1905 3638 ipsos
1955 3575 2163 3617 caecos
2205 3557 2491 3619 redderet
2534 3559 2830 3638 cupiditas
2871 3572 2934 3621 et
2970 3582 3111 3623 ava-

624 3655 770 3715 ritia
819 3664 883 3717 et
938 3655 1246 3726 audacia;”
1292 3675 1472 3735 quem
1515 3656 1715 3716 locum
1760 3656 1985 3718 idcirco
2025 3656 2235 3725 laud0,
2283 3666 2353 3715 ut
2402 3666 2577 3736 turpe
2614 3659 2908 3737 glossema
2951 3659 3112 3721 indi-

631 3770 788 3820 cem,
824 3752 988 3831 quod
1018 3753 1082 3813 in
1126 3753 1346 3815 vicinia
1386 3754 1613 3834 legitur
1643 3756 1709 3813 in
1749 3752 1846 3814 his
1882 3753 2111 3815 verbis:
2164 3752 2399 3814 »habeo
2430 3754 2612 3814 etiam
2649 3755 2881 3824 dicere,
2924 3775 3110 3835 quem

633 3859 844 3908 contra
885 3868 1116 3911 morem
1158 3852 1486 3919 maiorum,
1527 3851 1827 3911 minorem
1863 3850 2035 3910 annis
2078 3850 2388 3929 sexaginta
2423 3851 2499 3910 de
2530 3862 2713 3929 ponte
2749 3852 2813 3913 in
2859 3852 3113 3915 Tiberim

619 3946 988 4007 'deiecerit’':
1029 3947 1135 4007 ubi
1173 3948 1450 4008 adiectis:
1493 3948 1558 4007 in
1598 3946 1875 4017 Tiberim,
1911 3966 2039 4015 reS,
2076 3966 2228 4026 quae
2265 3948 2329 4007 in
2364 3948 2621 4009 comitiis
2650 3950 2804 4010 sacta
2833 3960 2926 4009 est
2960 3950 3113 4011 satis

637 4040 892 4101 ridicule
924 4041 999 4100 ad
1021 4039 1276 4104 fluvium
1298 4044 1676 4103 transfertur.
1731 4041 1827 4102 Sic
1850 4060 1959 4122 pro
1984 4041 2264 4111 Quinctio
2288 4042 2380 4102 16.
2404 4042 2453 4123 ᾖ
2475 4044 2567 4103 53.
2594 4043 2826 4106 Tullius
2845 4048 3107 4125 scripsit:

637 4136 977 4215 »cupiditas
1037 4146 1100 4197 ει
1159 4139 1408 4198 avaritia
1464 4139 1819 4217 respirasset
1874 4138 2156 4219 paulum'’
2211 4148 2349 4199 cett.
2436 4138 2756 4202 Videamus
2811 4161 2973 4202 nunc
3031 4142 3109 4202 ad

635 4250 815 4311 quam
869 4250 999 4293 rem
1062 4243 1271 4294 nostro
1326 4235 1459 4295 loco
1514 4234 1810 4295 trahenda
1873 4236 1954 4296 sit
1999 4235 2103 4295 illa
2152 4235 2476 4314 cupiditas:
2520 4238 2679 4298 »ibis
2720 4239 2965 4299 tandem
3004 4240 3109 4297 ali-

638 4327 912 4405 quando,
966 4348 1086 4407 quo
1140 4330 1262 4390 iam
1317 4340 1380 4391 ιε
1435 4330 1670 4411 pridem
1725 4331 1842 4392 ista
1898 4341 2001 4391 tua
2056 4330 2355 4411 cupiditas
2409 4332 2700 4393 effrenata
2756 4352 2825 4393 ac
2878 4334 3108 4395 furiosa

633 4422 940 4502 rapiebat”
983 4425 1090 4485 ubi
1127 4444 1464 4487 sermonem
1499 4446 1628 4489 esse
1665 4426 1741 4487 de
1772 4427 1983 4489 castris
2020 4424 2313 4487 Mallianis
2345 4426 2409 4486 in
2432 4429 2630 4506 aprico
2653 4437 2745 4489 est
2772 4429 3108 4509 unidiique.

636 4518 716 4579 At
759 4538 829 4578 ea
865 4517 1120 4579 Catilina
1181 4539 1306 4582 non
1367 4522 1678 4602 cupiebat,
1737 4523 1843 4583 sed
1892 4522 2313 4600 principatum,
2369 4522 2444 4582 ad
2488 4524 2653 4601 quod
2699 4542 2857 4585 vocc.
2903 4534 3111 4587 tamen

634 4614 804 4675 nullo
833 4614 1016 4675 modo
1045 4616 1342 4694 cupiditas
1375 4616 1475 4678 hic
1511 4628 1711 4698 potest
1746 4618 1977 4678 referri.
2060 4652 2141 4663 --
2182 4618 2259 4678 ad
2294 4618 2443 4678 hanc
2476 4625 2528 4679 te
2556 4620 2865 4682 amentiam
2894 4628 3110 4683 natura

630 4710 878 4791 peperit,
912 4710 1176 4773 voluntas
1211 4713 1464 4773 exercuit
1495 4713 1737 4792 fortuna
1776 4713 2030 4775 servavit.
2116 4712 2185 4775 In
2212 4712 2324 4775 hac
2352 4718 2787 4787 cumulatione,
2830 4728 2897 4779 ut
2921 4720 3114 4787 solet,
