3375 5500
615 465 682 510 JV

625 650 927 738 epistolas
963 649 1047 713 ad
1089 648 1419 725 Atticum,
1460 652 1538 712 ut
1575 646 1719 712 loco
1749 644 2099 710 admodum
2128 653 2279 732 apto
2299 695 2318 725 ,
2347 653 2494 732 post
2521 657 3095 716 commemoratum

627 770 832 837 Attici
897 769 1273 835 consulatus
1345 765 1628 831 Tulliani
1699 767 2267 843 commentarium,
2313 788 2389 832 ea
2431 768 2743 834 insereret
2793 792 2957 854 quae
3001 770 3094 836 le-

631 897 872 976 guntur
936 890 1007 954 in
1053 889 1177 974 Ep.
1235 887 1318 952 ad
1365 887 1502 951 Att.
1545 885 1628 951 II.
1680 886 1716 948 1
1766 887 1801 969 ᾧ
1852 889 1912 950 3.
2008 887 2211 952 Multi
2258 886 2507 953 interea
2558 889 2725 955 hanc
2776 891 3098 975 quaestio-

629 991 785 1078 nem
820 1009 1120 1077 dirimere
1163 1006 1378 1074 conati
1423 1013 1610 1070 sunt:
1660 1026 1739 1070 ex
1777 1005 2039 1090 quibus,
2085 1029 2277 1072 nemo
2325 1012 2403 1072 ut
2448 1008 2611 1072 mihi
2642 1009 2930 1086 videtur,
2977 1009 3099 1073 hoc

639 1130 884 1208 effecit,
920 1137 997 1195 ut
1031 1128 1348 1193 Orellium
1387 1125 1898 1194 recantationem
1943 1148 2173 1192 canere
2217 1129 2530 1212 coegerit,
2575 1151 2769 1213 quam
2813 1129 2925 1194 ille
2963 1128 3102 1214 pol-

638 1251 858 1316 licitus
923 1253 1092 1314 esset
1161 1245 1216 1310 si
1286 1244 1477 1310 certis
1527 1245 1927 1328 argumentis
1981 1246 2301 1312 refutatus
2352 1255 2553 1326 esset,
2610 1249 2897 1314 facturus
2955 1271 3105 1312 cum

645 1371 763 1447 iis,
810 1368 922 1453 qui
964 1365 1239 1433 rectiora
1283 1385 1354 1429 se
1399 1363 1771 1430 docuissent
1822 1363 1936 1452 ¹²).

734 1488 992 1552 Editam
1024 1506 1162 1551 esse
1193 1507 1233 1548 a
1262 1483 1575 1549 Cicerone
1617 1484 1979 1549 orationem
2007 1484 2188 1548 illam
2222 1507 2416 1568 quam
2449 1486 2520 1549 in
2561 1487 2809 1551 Senatu
2844 1485 3075 1550 habuit
3089 1532 3109 1563 ,

647 1609 867 1692 negari
933 1605 1162 1691 nequit
1240 1604 1324 1670 ob
1398 1604 1690 1670 Sallustii
1766 1603 2214 1670 testimonium
2266 1604 2392 1693 ¹³):
2455 1632 2489 1666 n
2510 1611 2653 1670 tum
2701 1607 2798 1668 M.
2857 1605 3113 1669 Tullius

649 1727 914 1804 consul,
973 1726 1108 1791 sive
1155 1725 1588 1810 praesentiam
1634 1725 1774 1791 eius
1828 1725 2098 1802 timens,
2144 1726 2278 1790 sive
2332 1725 2429 1791 ira
2471 1730 2833 1791 commotus
2875 1723 3119 1791 oratio-

648 1870 800 1914 nem
853 1846 1082 1920 habuit
1136 1845 1538 1912 luculentam
1584 1852 1783 1929 atque
1837 1846 2068 1911 utilem
2123 1846 2282 1931 reip.
2297 1894 2318 1924 ,
2367 1867 2551 1931 quam
2582 1851 2797 1930 postea
2822 1845 3120 1926 scriptam

650 1964 906 2030 edidit.'’
1001 1964 1131 2030 Sed
1185 1965 1316 2028 iam
1371 1964 1495 2030 hoc
1544 1965 1757 2049 ipsum
1799 1964 2250 2030 testimonium
2304 1966 2625 2032 sufficeret
2668 1987 2797 2048 quo
2852 1963 3121 2028 demon-

655 2091 967 2151 straretur
1019 2085 1308 2170 ineptam
1349 2090 1416 2149 et
1463 2083 1807 2150 ridiculam
1856 2084 2391 2150 declamationem
2408 2133 2429 2162 ,
2480 2107 2647 2168 quae
2687 2105 2863 2148 nunc
2919 2084 3125 2148 fertur

656 2228 790 2272 non
864 2227 1003 2271 esse
1066 2229 1105 2270 a
1169 2204 1388 2269 Tullio
1442 2205 1819 2290 profectam.
1912 2204 2206 2270 Quidni?
2264 2204 2609 2270 Sallustius
2656 2204 2824 2269 hanc
2882 2204 3121 2269 oratio-

659 2348 809 2392 nem
884 2348 1078 2409 quam
1137 2325 1462 2391 dicentem
1524 2347 1660 2389 non
1714 2322 2045 2389 audiverat
2093 2323 2415 2402 Tullium,
2480 2327 2697 2409 (natus
2754 2323 2930 2390 enim
2980 2322 3122 2386 Sal-

660 2445 894 2510 lustius
961 2452 1061 2511 est
1120 2467 1178 2510 a.
1247 2468 1312 2510 u.
1376 2467 1430 2511 c.
1499 2447 1662 2509 668:
1742 2447 1950 2510 oratio
2018 2445 2241 2510 habita
2315 2448 2469 2512 691.
2564 2446 2910 2511 Sallustius
2972 2443 3123 2511 trib.

662 2565 750 2650 pl.
805 2568 961 2650 702)
1013 2572 1269 2650 postea,
1337 2587 1540 2650 quum
1587 2564 1885 2648 legisset,
1934 2564 2265 2630 Ciceronis
2317 2566 2372 2629 si
2423 2567 2637 2632 minus
2693 2565 2957 2631 laudum
3011 2562 3128 2627 ob-

663 2691 974 2752 trectator
1016 2691 1087 2751 at
1127 2693 1302 2753 certe
1349 2707 1482 2751 non
1531 2683 1955 2748 amicissimus
1974 2731 1995 2763 ,
2037 2684 2216 2773 ‘hanc
2266 2684 2911 2753 declamatiunculam
2960 2685 3129 2751 dixit

663 2805 1063 2871 luculentam
1145 2806 1549 2871 orationem?
1641 2803 1735 2868 At
1806 2803 2110 2870 laudatur
2172 2812 2394 2870 tamen
2450 2806 2649 2871 illud:
2714 2834 2747 2867 n
2765 2808 3128 2889 Quousque

666 2923 930 2990 tandem
1006 2924 1292 2990 Catilina
1367 2923 1633 2989 abutere
1700 2924 2015 3011 patientia
2089 2925 2393 2990 nostra?''
2458 2925 2539 2990 ab
2619 2926 2917 2991 omnibus
2992 2926 3131 2991 fere

669 3042 1106 3130 scriptoribus.
1173 3042 1495 3110 Asconius
1545 3065 1805 3127 quoque
1852 3016 2074 3108 laudat
2114 3043 2306 3110 verba
2348 3066 2423 3109 ex
2465 3044 2795 3109 Ciceronis
2836 3046 3133 3111 oratione

672 3165 743 3228 in
809 3163 1160 3227 Catilinam
1224 3163 1294 3225 in
1361 3167 1592 3227 senatu
1657 3162 1881 3227 habita
1952 3167 2077 3248 ¹⁴),
2138 3164 2339 3227 immo
2388 3163 2591 3249 ipsius
2636 3164 2966 3230 Ciceronis
3012 3166 3136 3231 filii

675 3284 800 3349 hoc
874 3282 1120 3347 dictum
1189 3282 1396 3347 fertur
1461 3283 1632 3369 apud
1709 3286 2021 3349 Senecam
2081 3290 2327 3368 patrem
2384 3288 2469 3369 15)
2493 3333 2514 3361 ,
2572 3308 2773 3369 quum
2832 3280 3138 3369 Hybreae

679 3404 1084 3470 disertissimi
1121 3402 1241 3467 viri
1279 3402 1452 3467 filius
1491 3402 1664 3488 apud
1703 3425 1853 3467 eum
1889 3402 2058 3467 male
2092 3424 2350 3466 causam
2386 3410 2631 3487 ageret:
2681 3405 2851 3489 Age,
2896 3406 3113 3489 inquit
3122 3453 3143 3483 ,

680 3545 815 3589 non
892 3527 1080 3609 putas
1151 3545 1258 3588 me
1283 3590 1292 3601 ,
1313 3524 1550 3609 scripta
1595 3522 1897 3588 didicisse
1937 3521 2135 3607 patris
2186 3522 2353 3586 mei:
2416 3550 2451 3583 a
2476 3524 2833 3609 Quousque
2875 3524 3144 3589 tandem

683 3642 951 3708 abutere
979 3643 1288 3708 Catilina·
1311 3643 1628 3729 patientia
1667 3649 1891 3707 nostra
1909 3642 1981 3705 ’.Ψ
2063 3643 2135 3705 Si
2177 3642 2377 3725 igitur
2420 3644 2579 3708 haec
2619 3646 2827 3710 oratio
2862 3646 3150 3729 genuina

687 3784 822 3827 non
853 3768 980 3841 est,
1015 3786 1274 3830 necesse
1301 3771 1397 3829 est
1425 3768 1737 3847 regnante
1752 3762 2051 3845 Augusto
2078 3762 2181 3827 vel
2195 3761 2452 3828 Tiberio
2475 3786 2512 3828 a
2540 3764 2739 3829 sciolo
2769 3764 2868 3829 vel
2886 3764 3150 3834 falsario

693 3883 780 3947 sit
826 3884 1153 3949 confecta:
1203 3883 1380 3968 quod
1425 3905 1628 3967 quum
1659 3881 1885 3949 multis
1928 3880 2115 3945 video
2152 3881 2502 3946 absurdum
2534 3882 2769 3961 videri,
2807 3884 3155 3951 dicendum

697 4004 906 4088 primo
968 4011 1065 4068 est
1084 4053 1101 4081 ,
1168 4026 1362 4087 quam
1428 4024 1656 4086 parum
1718 4004 2015 4065 accurate
2078 4000 2191 4082 qui
2234 4008 2382 4085 post
2427 4003 2805 4069 Ciceronem
2859 4005 3161 4071 vixerunt

701 4125 969 4190 nomina
1034 4128 1375 4187 auctorum
1429 4120 1819 4198 indicarint,
1877 4126 1944 4185 et
2012 4142 2206 4203 quam
2260 4106 2507 4189 infelici
2564 4124 2787 4191 critica
2831 4126 2902 4189 in
2957 4146 3033 4190 ea
3087 4142 3160 4191 re

703 4245 957 4331 saepius
1001 4244 1105 4307 usi
1149 4242 1301 4306 sint.

767 4492 833 4564 ¹²)
867 4498 935 4547 In
970 4498 1048 4549 ed.
1081 4498 1220 4549 laud.
1253 4514 1302 4563 p.
1348 4500 1459 4549 177.

773 4578 836 4646 ι5)
871 4582 997 4633 Sall.
1033 4582 1167 4635 Bell.
1203 4582 1313 4635 Cat.
1351 4590 1436 4634 31.
1506 4582 1584 4636 Cf.
1619 4584 1871 4637 Morstadt
1905 4588 1959 4638 in
1993 4602 2135 4655 prog.
2170 4588 2267 4638 IIo.
2303 4588 2533 4641 Schaffh.
2568 4603 2619 4652 p.
2663 4594 2723 4639 13
2759 4603 2895 4653 seqq.

775 4663 838 4732 ι4)
873 4668 994 4719 Asc.
1028 4669 1154 4719 Ped.
1191 4669 1246 4719 in
1279 4668 1450 4719 Pison.
1487 4684 1536 4733 p.
1575 4673 1623 4719 6.
1661 4672 1741 4721 ed.
1778 4672 1954 4723 Orelli.

779 4748 842 4819 15)
877 4752 952 4803 M.
990 4753 1132 4805 Ann-
1168 4754 1364 4807 Seneca
1395 4770 1448 4818 p.
1485 4758 1568 4805 5⁷.
1606 4756 1688 4808 ed.
1724 4756 1945 4810 Gronov.
