3375 5500
1804 385 1890 447 22

628 595 816 692 quod
884 593 1092 666 huius
1155 589 1426 690 imperii
1495 589 2033 688 disciplinaeque
2102 587 2437 662 maiorum
2500 589 2855 687 proprium
2920 570 3040 664 ¹est
3069 649 3095 678 ,

625 723 844 795 facere
907 721 1218 795 nondum
1278 718 1534 805 auden,
1599 718 1846 792 faciam
1906 717 2015 803 id,
2070 717 2278 814 ‘quod
2340 724 2453 792 -est
2509 717 2600 790 ad
2654 719 3097 794 severitatem

625 851 848 924 lenius
899 856 968 922 et
1026 849 1113 923 ad
1159 871 1598 921 communem
1645 846 1939 920 salutem
1996 845 2257 919 utilius.
2330 845 2513 918 Nam
2570 845 2629 918 si
2676 852 2745 918 te
2792 846 3100 920 interfici

624 979 888 1051 iussero
904 1035 923 1064 ,
992 976 1322 1051 residebit
1382 977 1454 1050 in
1517 975 1870 1074 republica
1936 975 2199 1072 reliqua
2242 974 2751 1048 coniuratorum
2799 998 3097 1062 manus;

631 1107 736 1180 sin
803 1114 886 1178 tu
949 1105 1166 1202 (quod
1235 1111 1306 1178 te
1361 1103 1774 1178 iamdudum
1846 1103 2104 1195 hortor)
2175 1103 2417 1176 exieris
2440 1161 2457 1189 ,
2507 1101 2947 1176 exhaurietur
2996 1127 3098 1176 ex

628 1236 800 1309 urbe
870 1241 1144 1308 tuorum
1209 1233 1542 1307 comitum
1614 1257 1869 1330 magna
1910 1239 1979 1304 et
2023 1231 2401 1329 perniciosa
2446 1229 2716 1302 sentina
2754 1229 3095 1327 reipubli-

624 1389 762 1437 cae.
871 1365 980 1436 13.
1065 1360 1261 1438 Quid
1323 1367 1463 1448 est,
1535 1359 1885 1435 Catilina?
1981 1359 2178 1432 Num
2237 1356 2516 1432 dubitas
2578 1357 2653 1430 id
2708 1383 2819 1430 me
2867 1358 3094 1458 impe-

619 1626 981 1708 significare:
1044 1626 1207 1708 quod
1270 1623 1579 1705 proprium
1635 1633 1728 1683 est
1771 1622 1955 1684 huius
1998 1621 2396 1701 reipublicae,
2436 1620 2617 1682 huius
2660 1623 2956 1693 civitatiS,
2996 1625 3102 1694 id,

619 1723 784 1804 quod
847 1723 911 1786 in
975 1722 1089 1786 hac
1151 1721 1457 1802 republica
1521 1720 1654 1780 fieri
1720 1721 1888 1780 solet.
1994 1717 2074 1776 At
2135 1719 2200 1777 in
2261 1717 2565 1804 republica
2628 1737 2751 1778 non
2814 1721 3101 1782 solebant

617 1822 780 1882 cives
836 1819 1112 1880 interfici.
1212 1818 1727 1899 Significat-ionem
1784 1816 1972 1896 igitur
2027 1813 2183 1874 hanc
2238 1815 2499 1877 voluisse
2554 1815 2797 1877 videtur
2851 1816 3106 1878 rhetor:

616 1916 713 1984 id,
769 1916 931 1995 quod
983 1915 1117 1976 fieri
1169 1917 1354 1984 solet,
1403 1932 1592 1994 quum
1641 1912 1980 1992 respublica
2032 1909 2171 1971 Scto
2226 1912 2514 1990 permissa
2565 1923 2657 1972 est-
2712 1916 3101 1986 consulibus;

619 2009 783 2088 quod
841 2009 1074 2072 Hahnio
1130 2027 1372 2091 quoque
1429 2009 1653 2088 placuit
1710 2028 1763 2087 p.
1823 2008 1893 2068 31
1958 2007 2051 2067 ed.
2110 2005 2267 2086 Lips.
2341 2007 2674 2088 Adscripsit
2729 2011 2831 2070 ille
2874 2011 2993 2072 Cic.
3040 2032 3102 2091 p.

620 2104 785 2185 Sylla
823 2107 875 2164 7.
920 2105 968 2186 ᾗ
1007 2107 1115 2168 21:
1174 2126 1296 2166 »an
1347 2115 1416 2166 tu
1459 2107 1522 2166 in
1564 2113 1735 2165 tanto
1778 2104 2059 2182 imperio,
2107 2112 2391 2183 tantaque
2434 2115 2733 2184 potestate
2776 2127 2900 2169 non
2942 2110 3103 2170 dieis

617 2222 714 2263 me
779 2204 963 2268 fuisse
1028 2204 1302 2284 regem'':
1359 2222 1436 2263 ex
1491 2221 1612 2283 quo
1669 2203 1800 2262 loco
1858 2218 2143 2280 apparere
2201 2210 2427 2279 potest,
2485 2202 2534 2261 si
2591 2201 2706 2263 hoc
2764 2221 2911 2284 opus
2960 2223 3102 2265 esse

618 2300 891 2368 videtur,
934 2300 1234 2379 imperium
1275 2301 1394 2361 dici
1437 2317 1610 2379 posse
1655 2297 1731 2358 de
1774 2301 2072 2377 patestate
2116 2296 2462 2356 consulibus
2504 2296 2609 2356 illo
2654 2297 2793 2358 Scto
2835 2300 3103 2370 tradita,

619 2395 727 2454 sed
769 2396 1042 2456 nondum
1084 2396 1178 2464 id,
1221 2397 1383 2476 quod
1427 2394 1965 2456 demonstrandum
2008 2401 2165 2452 erat:
2211 2391 2383 2452 huius
2424 2393 2681 2472 imperii,
2715 2413 2899 2474 quum
2934 2394 3103 2456 nihil

620 2489 696 2550 de
769 2509 839 2551 ea
910 2511 978 2552 re
1039 2493 1360 2572 praecedat
1420 2491 1480 2552 h
1531 2492 1569 2551 l.
1635 2499 1699 2551 et
1761 2467 2199 2570 significatione
2264 2491 2449 2571 accipi
2504 2509 2691 2570 posse.
2786 2525 2868 2537 —-
2922 2492 3103 2554 disei-

611 2585 815 2663 plinae
866 2588 1182 2659 maiorum,
1263 2589 1411 2668 quid
1465 2587 1618 2647 haec
1663 2586 1724 2647 h.
1772 2587 1807 2646 l.
1860 2583 2201 2665 significent
2244 2605 2367 2646 non
2410 2587 2599 2648 viden.
2682 2621 2762 2632 --
2816 2589 2897 2648 ad
2947 2609 3100 2652 seve-

615 2679 846 2742 ritatem
903 2683 1102 2746 lenius.
1185 2683 1370 2745 Recte
1425 2684 1672 2766 quidem
1729 2683 1980 2742 dieitur:
2033 2681 2149 2746 hoc
2198 2691 2291 2742 est
2342 2684 2549 2744 utilius
2593 2683 2667 2742 ad
2708 2702 3102 2748 communem

619 2779 906 2850 salutem;
961 2782 1068 2843 sed
1125 2782 1246 2844 duo
1294 2782 1584 2844 voca-bula
1623 2785 1672 2840 'e
1732 2780 1979 2859 regione
2029 2779 2143 2839 sibi
2194 2782 2461 2859 opposita
2503 2780 2588 2839 sic
2634 2782 2919 2862 coniungi
2967 2804 3102 2847 non

618 2887 885 2955 possunt.
991 2878 1149 2949 Quid
1206 2900 1259 2941 v.
1305 2899 1353 2939 c.
1412 2886 1600 2939 esset:
1657 2878 1775 2937 »ad
1824 2876 2137 2956 perniciem
2204 2878 2487 2941 utilius’'?
2569 2913 2650 2925 —-
2702 2878 2971 2941 residebit
3037 2882 3107 2942 in

619 2973 928 3051 republica.
1013 2974 1094 3037 Ut
1149 2974 1458 3037 rhetorem
1520 2992 1702 3053 supra
1762 2975 1993 3052 lapsum
2056 2992 2187 3034 esse
2243 2974 2527 3044 indicavi,
2574 2995 2761 3054 quum
2802 2977 3106 3039 scriberet

619 3068 982 3132 »Catilinam
1043 3074 1204 3133 intra
1258 3072 1498 3133 moenia
1553 3071 1590 3129 i.
1629 3089 1678 3129 e.
1744 3070 1808 3131 in
1873 3069 2023 3129 urbe
2086 3069 2435 3129 intestinam
2492 3070 2818 3149 perniciem
2860 3073 3105 3134 moliri”

619 3161 669 3243 S
724 3166 792 3232 5,
849 3166 935 3225 sic
999 3167 1182 3227 etiam
1251 3186 1412 3227 nune
1481 3166 1728 3226 fallitur.
1814 3162 2046 3225 Voluit:
2113 3165 2179 3225 in
2232 3166 2370 3225 urbe
2430 3166 2694 3227 residebit
2704 3190 2725 3237 ‚·
2790 3187 2930 3229 nam
2990 3172 3105 3250 qui

621 3258 686 3317 in
729 3268 924 3321 castra
967 3260 1242 3323 Malliana
1284 3260 1821 3341 proficiscebantur
1854 3260 1927 3320 in
1971 3262 2276 3341 republica
2314 3282 2552 3343 quoque
2598 3273 2787 3324 erant.
2851 3299 2932 3311 —-
2974 3284 3104 3325 sen-

621 3351 748 3412 tina
800 3355 1160 3433 reipublicae.
1246 3357 1494 3418 Sentina
1551 3365 1644 3417 est
1698 3356 1925 3418 fundus
1980 3360 2179 3427 navis,
2236 3380 2357 3440 quo
2408 3381 2563 3440 aqua
2606 3372 2669 3421 et
2710 3363 2915 3423 sordes
2958 3382 3105 3423 con-

622 3444 855 3517 fluunt;
898 3462 1163 3529 praestat
1211 3454 1274 3514 in
1330 3471 1482 3513 nave
1529 3452 1763 3512 cloacae
1808 3453 2015 3513 vicem.
2108 3452 2291 3515 Recte
2334 3457 2532 3537 igitur:
2573 3458 2822 3519 dicitur:
2872 3459 3107 3519 sentin-a

624 3541 1000 3617 eaehauritur,
1045 3559 1114 3609 ut
1149 3559 1240 3609 est
1282 3567 1524 3629 quoque
1570 3549 1730 3627 apud
1768 3547 1885 3609 Cic.
1916 3550 1997 3609 de
2037 3548 2172 3609 Sen.
2216 3553 2271 3611 6.
2310 3552 2360 3631 S
2403 3554 2507 3611 17:
2552 3573 2732 3613 »cum
2776 3555 2875 3615 alii
2909 3556 3107 3615 malos

626 3640 946 3712 scandant,
998 3646 1098 3705 alii
1141 3665 1249 3726 per
1289 3646 1451 3705 soros
1495 3654 1773 3714 cursent,
1820 3646 1919 3705 alii
1964 3646 2261 3709 sentinam
2306 3648 2732 3719 exhauriant’',
2776 3660 2837 3709 et
2880 3652 3105 3729 allego·

628 3736 752 3797 rice
805 3741 963 3818 apud
1019 3743 1278 3803 eundem
1322 3744 1397 3804 ad
1441 3742 1604 3807 Fam.
1649 3742 1745 3803 IX.
1793 3746 1883 3805 15.
1929 3744 2083 3825 §3³
2131 3744 2259 3805 »Ne
2303 3746 2451 3807 mihi
2495 3748 2741 3826 quidem
2791 3747 2903 3826 ipsi
2955 3756 3108 3807 tunc

631 3831 904 3909 placebat
959 3838 1188 3898 diutius
1243 3839 1451 3901 abesse
1509 3841 1586 3901 ab
1641 3842 2007 3921 reipublicae
2052 3841 2339 3901 custodia.
2425 3840 2791 3902 Sedebamus
2834 3843 2994 3907 enim
3041 3846 3108 3903 in

631 3931 816 4008 puppi
873 3942 934 3991 et
990 3936 1223 3995 clavum
1274 3937 1661 4019 tenebamus;
1719 3957 1880 3997 nunc
1938 3947 2139 3997 autem
2188 3938 2289 3999 vix
2328 3936 2432 4017 [est
2476 3937 2539 3995 in
2588 3940 2826 3999 sentina
2869 3941 3109 4009 locus'',

633 4023 670 4082 i.
709 4041 759 4082 e.
804 4034 982 4087 antea
1022 4032 1283 4090 multum
1318 4041 1662 4111 poteramus
1700 4032 1764 4091 in
1799 4032 2104 4111 republica
2142 4032 2646 4102 administranda;
2680 4054 2841 4097 nunc
2878 4034 2947 4115 (a.
2971 4058 3029 4097 u.
3056 4058 3105 4097 c·-

639 4120 778 4203 708)
813 4122 963 4183 nihil
1007 4126 1070 4186 in
1113 4127 1480 4207 reipublicae
1522 4129 1932 4190 moderamine
1976 4129 2258 4189 valemus,
2305 4127 2441 4189 Sall.
2479 4128 2540 4189 B.
2572 4128 2630 4190 C.
2669 4131 2774 4190 37:
2819 4150 3109 4203 »omnes‚

635 4235 792 4296 quos
844 4216 1141 4300 flagitium
1197 4234 1303 4294 aut
1360 4226 1591 4293 facinus
1649 4227 1826 4285 domo
1883 4226 2225 4304 expulerat,
2288 4227 2330 4286 ii
2388 4225 2635 4287 Romam
2691 4236 2977 4307 tanquam
3042 4229 3109 4289 in

640 4316 939 4377 sentinam
1002 4320 1472 4386 confluxerant.'‚'
1556 4322 1806 4384 Sentina
1850 4325 2038 4404 igitur
2078 4325 2241 4385 locus
2304 4334 2429 4393 est,
2483 4344 2619 4404 pars
2676 4325 2861 4385 navis.
2946 4324 3110 4395 Quid

572 4459 579 4467 .
641 4428 787 4470 vero
851 4430 982 4475 esse
1044 4427 1242 4496 potest
1306 4420 1711 4500 »reipublicae
1778 4421 2013 4480 sentina
2068 4440 2285 4500 magna
2341 4430 2403 4480 et
2444 4421 2775 4501 perniciosa
2818 4422 3109 4481 comitum

642 4514 886 4567 tuorum
962 4531 1116 4591 quae
1193 4534 1269 4575 ex
1341 4517 1491 4577 urbe
1571 4516 2000 4577 exhaurietur''
2017 4516 2039 4575 ?
2140 4552 2223 4561 --
2282 4536 2419 4577 num
2500 4516 2729 4577 dubitas
2808 4516 3107 4577 Catilma2

642 4586 1061 4683 Interrogandi
1116 4613 1409 4690 particula
1450 4631 1588 4673 num
1628 4613 1885 4693 requirit
1929 4614 2264 4673 necessario
2306 4613 2704 4691 negationem.
2791 4612 2853 4673 Si
2897 4612 3111 4673 Cicero

642 4696 831 4777 igitur
872 4702 1127 4777 sciebat,
1171 4708 1318 4791 quid
1355 4706 1609 4772 Catilina
1652 4710 1933 4773 facturus.
1964 4719 2153 4779 esset,
2191 4709 2435 4773 defendi
2470 4718 2670 4787 posset
2692 4708 2839 4773 haec
2863 4709 3107 4772 dicendi
