3375 5500
1753 374 1838 436 54

566 601 810 700 peras?
907 599 1054 671 Cur
1112 597 1228 672 ille
1290 603 1455 670 tuus
1517 597 1855 670 exercitus
1878 653 1897 682 ‚
1976 594 2097 693 qui
2157 595 2337 668 intra
2400 596 2671 672 moenia
2743 600 3029 676 clausus

570 749 674 816 est
714 743 786 814 in
817 741 1236 840 Capitolium
1283 765 1421 813 non
1465 740 1811 838 erumpit?
1912 739 2167 812 Nullus
2206 739 2415 812 huius
2446 742 2705 845 ordinis
2747 743 3023 843 ignorat

569 884 849 959 consilia
889 891 1014 958 tua
1070 892 1140 958 et
1199 883 1425 958 adhuc
1479 883 1554 956 in
1592 883 1814 981 patria
1853 897 2160 956 remanes
2200 883 2415 957 immo
2471 884 2544 958 in
2584 896 2827 964 senatu
2869 890 3019 988 pla-

576 1027 836 1102 citandi
906 1029 1098 1102 locus
1158 1033 1262 1099 est
1325 1025 1624 1099 relictus,
1756 1025 1941 1100 Scire
2016 1032 2210 1122 potes
2277 1027 2463 1124 quod
2515 1051 2654 1101 non
2720 1031 3031 1106 multum

573 1171 660 1244 iis
709 1179 834 1244 tua
879 1169 1060 1245 facta
1108 1167 1490 1267 displicent.
1593 1169 1911 1267 Cogitate
1960 1169 2037 1242 P.
2094 1170 2173 1243 C.
2220 1170 2392 1267 quid
2436 1197 2580 1260 res,
2632 1172 2803 1270 quid
2849 1182 3029 1248 tem·

575 1341 711 1416 pus
746 1315 1071 1413 postulat.
1147 1312 1461 1388 Audacia
1497 1312 1837 1386 Catilinae
1880 1312 2195 1386 timorem
2242 1314 2567 1390 omnibus
2619 1315 2784 1414 reip.
2830 1316 3027 1391 incu-

575 1457 701 1547 tit,
750 1459 1010 1556 patriae
1050 1454 1324 1554 legibus
1365 1454 1668 1530 minatur
1706 1455 2086 1529 interitum.
2160 1455 2343 1544 Viri,
2387 1457 2745 1546 muliereS,
2793 1483 3031 1547 senes„

576 1602 859 1678 iuvenes
877 1663 897 1693 ,
960 1610 1304 1703 postremo
1358 1599 1584 1674 omnis
1639 1607 1827 1673 aetas
1872 1606 2125 1673 terrore
2196 1625 2523 1676 concussa
2592 1610 2739 1690 est3
2786 1624 3033 1675 omnes

579 1745 872 1820 credunt
956 1746 1162 1821 hodie
1252 1751 1474 1818 vestra
1559 1742 1900 1818 sententia
1992 1743 2283 1819 liberari.
2407 1745 2755 1820 Omnibus
2815 1744 3037 1844 igitur

580 1890 1008 1966 satisfacietis
1073 1891 1154 1964 P.
1209 1890 1290 1963 C.
1355 1888 1415 1962 si
1478 1887 1566 1960 de
1631 1887 1903 1962 civitate
1975 1887 2342 1964 Catilinam
2366 1948 2386 1977 ,
2438 1890 2651 1964 immo
2703 1897 3035 1964 terrorem

580 2033 890 2107 omnium
940 2033 1359 2132 expuleritiS.

1025 2313 1368 2408 (E'oeplicit
1409 2313 1739 2384 invectiva
1792 2310 1999 2382 Tullii
2046 2312 2117 2382 ia
2183 2311 2600 2401 Catilinam).
2682 2319 2695 2338 ¹
