3375 5500
1508 395 1594 458 53

311 619 561 693 attulit.
663 617 802 691 Sed
847 615 1182 715 profecto,
1233 617 1471 690 Patres
1503 616 1921 716 Conscripti,
1972 617 2029 691 si
2073 641 2201 691 nos
2255 618 2515 693 indicat
2560 621 2752 719 igna-

311 787 425 836 vos
483 769 554 836 et
614 763 1042 862 negligentes
1099 761 1397 836 Catilina
1442 787 1584 837 non
1629 762 1923 852 fallitur,
1974 787 2136 838 cum
2184 764 2275 838 sit
2318 764 2757 862 experientia.

312 906 385 978 Si
464 906 651 979 enim
724 914 1031 996 nostram
1111 931 1249 979 non
1334 906 1630 980 venisset
1703 907 2080 995 incuriam3
2140 907 2199 981 si
2266 906 2432 1007 reip.
2511 870 2764 982 intenti

306 1073 614 1124 essemus
686 1057 758 1124 et
833 1050 1125 1149 patriae,
1193 1049 1279 1122 de
1348 1050 1567 1148 patria
1615 1050 1923 1149 proditor
1970 1050 2107 1124 iam
2167 1051 2495 1148 expulsus
2548 1059 2751 1126 esset.

304 1195 461 1268 Hoc
535 1195 720 1268 enim
788 1201 869 1268 ut
935 1195 1121 1268 mihi·
1161 1195 1432 1268 videtur
1481 1195 1656 1269 ratio
1693 1196 2017 1295 postulat.
2120 1197 2308 1270 Nam
2357 1195 2417 1267 si
2461 1195 2759 1270 Catilina

301 1337 596 1436 patriam
663 1337 892 1437 diligit
939 1363 1062 1412 cur
1114 1338 1179 1412 ei
1220 1339 1535 1412 incendia
1583 1342 1825 1438 parat?
1926 1341 2001 1414 Si
2053 1361 2193 1414 non
2240 1340 2468 1439 diligit
2510 1363 2634 1414 cur
2676 1341 2753 1414 in

301 1509 384 1557 ea
430 1483 715 1557 ulterius
782 1491 1087 1558 moratur
1114 1543 1133 1570 ,
1186 1508 1308 1556 cur
1372 1483 1682 1572 laborat,
1756 1484 2189 1559 machinatur
2237 1486 2309 1560 in
2364 1481 2513 1558 dies
2574 1484 2755 1558 sieut

298 1627 440 1701 iam
517 1627 781 1700 dictum
861 1633 966 1699 est
984 1659 1001 1713 ;
1080 1636 1156 1699 ut
1248 1626 1488 1700 iubeat
1558 1627 1784 1701 Roma
1855 1636 2127 1703 suomet
2208 1635 2441 1728 pereat
2522 1628 2753 1726 gladio

299 1771 490 1867 quod
548 1770 750 1868 longe
807 1771 1073 1870 positus
1121 1792 1562 1868 nequaquam
1611 1772 1831 1871 possit
1886 1773 2147 1846 efficere
2171 1775 2207 1846 Ρ
2301 1771 2517 1846 Nulla
2564 1772 2751 1845 enim
2808 1821 2815 1828 -

301 1912 514 2009 pestis
601 1914 930 1989 efficacior
1023 1916 1113 1989 ad
1204 1915 1592 1988 nocendum
1666 1939 1881 2014 quam
1969 1916 2326 1991 familiaris
2407 1915 2751 1989 inimicus.

299 2056 496 2130 Adeo
538 2056 612 2129 in
663 2059 849 2132 curia
902 2058 993 2132 sit
1042 2058 1364 2156 frequens
1421 2059 1494 2132 in
1559 2059 1750 2132 curia
1806 2058 2026 2134 nostri
2096 2059 2364 2134 consilii
2402 2057 2747 2157 particeps

300 2207 381 2272 ut
439 2206 633 2274 notet
699 2209 770 2273 et
834 2200 1151 2300 designet
1210 2225 1783 2299 unumquemque
1847 2207 2161 2276 nostrum
2220 2202 2311 2277 ad
2373 2226 2614 2275 necem
2680 2211 2751 2275 et

295 2343 463 2442 reip.
529 2329 894 2442 eognoscat
967 2342 1328 2416 intentus?
1403 2342 1531 2416 scit
1603 2363 1902 2441 quorum
1980 2345 2264 2442 sanguis
2334 2343 2468 2418 sibi
2554 2344 2749 2418 daret

296 2485 660 2584 imperium
716 2493 785 2559 et
827 2486 1025 2560 ruina
1076 2510 1373 2583 quorum
1426 2485 1559 2559 sibi
1604 2485 1800 2559 daret
1848 2510 2251 2575 ascensum3
2300 2487 2407 2561 his
2448 2487 2749 2561 maxime

299 2633 493 2724 parat
532 2627 836 2704 insidias.
907 2628 1062 2701 Hos
1105 2628 1177 2701 in
1229 2628 1341 2702 die
1365 2687 1382 2715 ,
1430 2628 1556 2703 hos
1594 2629 1667 2704 in
1719 2635 1918 2703 noete
1971 2629 2426 2728 persequitur.
2495 2629 2745 2702 Videte

297 2772 375 2845 P.
425 2773 506 2845 C.
558 2772 782 2845 videte
835 2771 1044 2845 huius
1090 2771 1387 2846 hominis
1437 2798 1783 2849 summam
1840 2774 2217 2848 audaciam.
2291 2774 2378 2847 In
2425 2781 2743 2847 nostrum

293 2923 734 3014 conspectum
803 2916 1031 2989 venire
1104 2940 1241 2989 non
1311 2916 1512 2991 timet
1590 2917 1676 2991 de
1753 2941 2049 3015 quorum
2114 2888 2433 2989 interitu*
2476 2940 2744 3014 semper

290 3057 578 3156 cogitat3
628 3058 980 3133 vobiscum
1027 3058 1215 3156 loqui
1267 3083 1403 3132 non
1452 3058 1669 3133 timet.
1722 3060 1951 3159 Igitur
1997 3060 2085 3134 ab
2128 3059 2452 3133 omnibus
2491 3058 2739 3131 timen-

289 3202 420 3275 dus
484 3209 608 3276 est.
705 3202 939 3276 Nolite
1012 3203 1242 3277 mirari
1308 3203 1365 3276 si
1426 3202 1689 3277 calidus
1748 3203 2213 3278 dissimulator
2266 3200 2731 3301 respondendi

286 3348 518 3421 locum
606 3349 928 3445 postulat.
1032 3347 1338 3421 Confidit
1429 3347 1616 3420 enim
1686 3346 1761 3419 in
1831 3347 2220 3445 eloquentia
2308 3371 2439 3421 sua
2456 3405 2474 3434 ,
2560 3369 2737 3442 quae

281 3490 656 3565 maximam
721 3500 989 3591 partem
1042 3492 1296 3566 civium
1368 3489 1662 3565 detraxit
1721 3492 1794 3563 in
1862 3490 2147 3564 cladem.
2273 3492 2453 3569 Quis
2514 3489 2731 3589 igitur

283 3634 764 3708 sceleratorum
827 3634 1188 3708 hominum
1235 3641 1338 3707 tot
1390 3636 1620 3733 copias
1671 3634 2135 3733 comparavit,
2198 3634 2319 3732 qui
2370 3633 2731 3707 mendacia

278 3776 566 3851 veritate
627 3785 710 3885 et.
759 3778 1116 3853 mendacio
1180 3778 1495 3852 veritates
1546 3779 1818 3853 colorat.
1919 3776 2241 3850 Audietis
2301 3802 2463 3850 eum
2511 3743 2588 3849 P.
2642 3776 2723 3847 C.

275 3917 604 3993 Audietis
638 3945 821 3995 eum.
873 3920 1176 4007 TacetiS‚
1202 3922 1373 4018 proh
1415 3920 1656 4018 pudor.
1714 3921 1801 3993 In
1843 3944 1984 4017 qua
2018 3918 2188 3992 urbe
2228 3943 2354 3993 nos
2386 3918 2729 3991 vivimus?

275 4062 560 4142 Quibus
603 4032 949 4138 tutoribus
991 4090 1166 4164 resp.
1214 4064 1649 4138 defenditur?
1716 4089 1757 4138 o
1806 4062 2119 4148 Camilli,
2170 4086 2211 4133 o
2268 4062 2502 4136 Fabii!
2581 4061 2725 4133 Vos

274 4206 546 4281 utinam
616 4206 874 4281 essetis
973 4209 1236 4282 Audire
1292 4209 1543 4281 vellent
1592 4208 1791 4282 illum
1809 4268 1828 4295 ,
1906 4207 2029 4306 qui
2109 4203 2517 4304 exspirantis
2596 4200 2723 4274 filii

271 4375 472 4424 voces
538 4350 776 4425 audire
817 4352 1059 4427 noluit.
1159 4354 1306 4431 Qui
1352 4353 1528 4427 filios
1573 4352 1644 4424 in
1688 4358 2041 4449 parenteS‚
2094 4372 2319 4423 servos
2369 4345 2443 4417 in
2500 4344 2719 4416 domi-

271 4517 398 4566 nos
420 4552 438 4581 ,
483 4494 555 4567 in
600 4519 816 4594 remp.
890 4494 1128 4567 Italiae
1176 4496 1508 4570 latronem
1559 4493 1865 4567 armavit.
1941 4491 2135 4569 Quid
2180 4490 2328 4589 agis
2376 4486 2719 4561 Catilina?

272 4635 468 4714 Quid
510 4636 772 4735 cogitas
828 4638 1174 4713 Catilina?
1274 4640 1418 4713 Cur
1452 4638 1753 4712 furorem
1791 4642 1996 4711 tuum
2040 4642 2109 4709 et
2148 4632 2507 4708 audaciam
2544 4636 2716 4703 tem·
