3375 5500
585 403 769 446 XXXH

585 591 998 664 tinebantur,
1045 569 1212 672 quae
1239 585 1662 652 sumebantur
1692 607 1769 651 ex
1797 595 2013 652 rerum
2040 587 2556 673 comparatione,
2599 595 2700 656 ut:
2732 591 3056 658 rusticana

581 713 716 779 vita
779 731 867 774 an
909 706 1181 772 ‘urbana
1233 705 1450 791 potior
1464 731 1484 784 ,-
1550 705 1905 790 iurisperiti
1954 728 2038 771 an
2089 707 2389 774 militaris
2445 708 2565 772 viri
2620 710 2763 776 laus
2817 711 3056 788 maior,

591 854 784 918 quem
825 830 1044 895 locum
1079 827 1308 892 Cicero
1348 825 1652 891 tractavit
1677 826 1750 889 in
1778 827 2213 893 Muraeniana
2246 839 2265 878 1
2281 827 2371 915 ⁵⁸)
2390 875 2412 906 ,
2454 828 2830 913 multaeque
2857 829 3021 894 aliae
3036 877 3056 906 ,

582 973 743 1037 quas
810 946 1298 1014 Quinctilianus
1365 950 1658 1010 recenset
1730 944 1775 1007 1.
1838 945 1883 1009 1.
1904 992 1925 1022 ,
2000 967 2295 1032 quaeque
2362 946 2432 1011 in
2502 947 2645 1013 foro
2703 947 3060 1013 utilitatem

583 1092 768 1136 suam
807 1067 1048 1133 habere
1095 1067 1434 1150 poterant,
1476 1085 1767 1148 quasque
1798 1063 2064 1131 iuvenes
2110 1067 2206 1132 ita
2247 1067 2600 1132 memoriae
2626 1066 3060 1144 mandabant,

581 1197 658 1257 ut
709 1187 964 1274 quoties
1011 1184 1272 1248 daretur
1306 1182 1558 1248 occasio
1576 1231 1599 1260 ,
1645 1182 1728 1247 iis
1764 1190 1843 1248 ut
1876 1185 2283 1252 emblematis
2322 1191 2664 1253 uterentur
2700 1187 2772 1250 in
2821 1186 3063 1252 oratio·

581 1310 773 1376 nibus
847 1307 980 1373 suis
1057 1303 1627 1388 extemporalibus‘
1668 1303 1741 1366 in
1822 1303 1987 1368 forn.
2101 1305 2327 1370 Quum
2397 1327 2549 1370 vero
2619 1304 2780 1370 haec
2846 1305 3064 1370 minus

583 1428 869 1496 iucunda
903 1425 1277 1492 viderentur
1327 1428 1394 1488 et
1448 1421 1532 1487 ad
1579 1421 1799 1488 studia
1848 1422 2188 1489 excitanda
2230 1445 2461 1509 parum
2507 1424 2747 1490 idonea
2761 1472 2781 1503 ,
2838 1428 3065 1509 postea

581 1546 955 1614 nominibus
1011 1542 1250 1609 additis
1293 1541 1614 1608 suasorias
1663 1548 1731 1607 et
1776 1542 2246 1608 controversias
2297 1542 2749 1613 declamabant
2804 1547 2927 1629 ¹⁶⁹)
2984 1564 3064 1609 ex

580 1666 854 1732 historia
906 1663 1276 1748 antiquiore
1331 1662 1433 1728 vel
1473 1661 1670 1727 etiam
1714 1660 2079 1728 recentiore
2127 1661 2477 1728 desumtas.
2559 1662 2763 1727 Cuius
2805 1662 3061 1746 generis

581 1793 737 1852 sunt
793 1784 1205 1870 quaestiones
1248 1782 1402 1847 illae
1421 1830 1442 1859 ,
1518 1803 1678 1866 quas
1732 1783 1979 1848 Seneca
2032 1781 2259 1848 rhetor
2273 1828 2295 1859 ,
2351 1780 2837 1846 Quinetilianus
2896 1780 3019 1868 ¹⁸⁰)
3046 1829 3064 1858 ,

581 1906 694 1972 alii
757 1904 1012 1989 saepius
1078 1908 1482 1980 memorant3
1557 1924 1616 1966 v.
1678 1922 1735 1965 c.
1814 1900 2131 1966 deliberat
2184 1901 2411 1965 Numa
2458 1923 2543 1965 an
2582 1921 2856 1985 regnum
2906 1899 3065 1965 offe-

581 2022 875 2090 rentibus
943 2020 1260 2087 Romanis
1329 2019 1638 2104 recipiat3
1706 2018 2023 2086 deliberat
2090 2019 2320 2084 Cicero
2396 2041 2483 2084 an
2528 2019 2897 2086 Antonium
2952 2019 3065 2086 de-

584 2146 883 2229 precetur
893 2166 914 2220 ‚⁰
953 2138 1093 2218 vel,
1136 2139 1455 2205 deliberat
1488 2138 1719 2204 Cicero
1751 2160 1836 2203 an
1866 2139 2104 2223 scripta
2126 2159 2245 2202 sua
2274 2137 2615 2203 comburat
2641 2139 3067 2224 promittente

591 2261 1116 2328 incolumitatem
1179 2257 1474 2324 Antonio
1540 2258 1596 2324 si
1673 2257 1969 2336 fecisset,
2030 2256 2271 2322 similia
2322 2255 2475 2344 ¹⁶¹).
2570 2257 2792 2324 Multa
2862 2259 3067 2342 igitur

586 2379 879 2465 qnotidie
923 2379 997 2442 in
1041 2377 1266 2444 schola
1298 2377 1688 2462 agebantur,
1727 2397 1895 2462 quae
1928 2376 2001 2440 in
2027 2376 2171 2442 foro
2199 2397 2560 2460 numquam
2578 2377 2798 2443 locum
2826 2377 3067 2444 habere

588 2504 890 2584 poterant
939 2497 1062 2587 ¹⁸²)
1077 2522 1097 2577 3
1167 2502 1394 2564 contra
1467 2497 1665 2564 etiam
1734 2517 1815 2563 ex
1870 2497 2011 2582 ipso
2061 2496 2206 2562 foro
2260 2503 2643 2580 argumenta
2690 2497 3067 2582 saepissime

586 2617 913 2705 petebant.
1009 2617 1117 2682 Sic
1181 2640 1238 2682 v.
1299 2638 1355 2685 c.
1413 2616 1670 2682 Cestius
1723 2615 1975 2683 solebat
2020 2615 2357 2680 nonnullis
2416 2615 2818 2681 orationibus
2873 2616 3065 2683 Cice-

586 2737 764 2805 ronis
833 2736 1214 2816 rescribere,
1283 2743 1350 2803 et
1415 2759 1546 2822 quo
1585 2742 1877 2823 tempore
1946 2736 2061 2802 ille
2106 2735 2355 2802 Romae
2400 2733 2677 2799 vivebat
2712 2736 2836 2819 1113)
2888 2733 3061 2801 adeo

585 2856 886 2941 torpebat
935 2856 1340 2941 eloquentia,
1385 2863 1461 2921 ut
1510 2856 1715 2922 Cestii
1761 2854 2061 2941 discipuli
2109 2854 2288 2921 illius
2340 2853 2840 2921 declamationes
2890 2852 3069 2920 edisa

589 2982 809 3044 cerent
823 3024 845 3054 ,
905 2975 1236 3042 Ciceronis
1279 2977 1614 3044 orationes
1649 2999 1787 3042 non
1826 2976 2113 3059 legerent
2150 2975 2277 3039 nisi
2328 2995 2435 3040 eas
2452 3022 2473 3051 ,
2526 2972 2760 3057 quibus
2805 2972 3067 3039 Cestius

589 3094 1018 3180 rescripsisset
1061 3107 1080 3146 1
1097 3100 1210 3181 ⁸⁴).
1305 3098 1603 3162 Quarum
1649 3098 2021 3171 orationum
2056 3116 2257 3161 unam
2298 3098 2637 3159 memorat·
2665 3092 3065 3157 Quinctilia-

588 3234 714 3277 nus
769 3212 892 3301 ¹⁸⁵)
912 3259 933 3291 ,
981 3232 1216 3297 nempe
1273 3214 1346 3277 in
1389 3214 1751 3293 Milonem;
1804 3216 2241 3300 fragmentum
2304 3234 2385 3279 ex
2432 3233 2563 3297 quo
2610 3211 2693 3277 de
2745 3215 2891 3287 toto
2938 3211 3067 3275 hoc

591 3352 826 3417 genere
892 3328 1179 3397 iudicare
1225 3332 1432 3416 possis
1478 3333 1606 3398 hoc
1662 3339 1761 3398 est
1775 3380 1797 3411 ,
1856 3355 1936 3400 ex
1980 3335 2121 3419 ipsa
2169 3334 2283 3398 illa
2328 3333 2662 3400 oratione:
2724 3332 2797 3395 Si
2846 3331 3065 3397 Thrax

592 3472 796 3517 essem
814 3498 834 3529 ,
908 3452 1141 3517 Fusius
1208 3473 1448 3531 essem,
1515 3452 1574 3517 si
1635 3452 2075 3537 pantomimus
2124 3473 2330 3519 essem
2348 3500 2370 3530 ,
2427 3450 2771 3537 Bathyllus
2822 3470 3065 3527 essem,

646 3740 732 3807 158)
769 3742 971 3807 Quinct.
1005 3746 1082 3796 11.
1121 3753 1168 3797 4.
1205 3746 1232 3813 ᾗ
1268 3752 1350 3799 24.

647 3824 734 3891 189)
771 3828 924 3880 Auct.
960 3830 1080 3881 dial.
1116 3832 1180 3883 de
1216 3830 1377 3885 Oratt.
1415 3838 1500 3884 35.
1535 3833 1562 3900 9
1597 3840 1646 3885 4.

647 3908 731 3977 ²⁶⁰)
767 3912 972 3973 Quinet.
1009 3912 1136 3965 VII.
1179 3920 1223 3966 1.
1258 3916 1286 3981 ᾗ
1321 3922 1405 3969 24.
1456 3919 1560 3968 111.
1599 3922 1648 3969 s.
1681 3918 1710 3985 ᾗ
1750 3924 1840 3981 19,
1877 3922 1975 3981 46,
2012 3923 2096 3969 53.

648 3991 732 4061 ¹⁶¹)
766 3994 843 4044 M.
879 3995 1126 4046 Annaeus
1159 3997 1358 4050 Seneca
1389 3999 1533 4051 Suae.
1571 4004 1632 4063 6,
1672 4005 1721 4052 7.

648 4074 732 4144 ¹⁶²)
770 4078 963 4128 Auctor
996 4079 1115 4129 dial.
1150 4080 1214 4129 de
1255 4080 1414 4133 Oratt.
1452 4088 1536 4133 35.
1573 4083 1600 4148 §
1633 4088 1684 4134 5.
1756 4084 1957 4146 Quinct.
2003 4085 2078 4135 11.
2133 4088 2211 4135 10.
2258 4082 2286 4149 5
2322 4088 2371 4133 4.
2408 4108 2479 4120 --
2512 4082 2629 4136 Sint
2674 4099 2796 4151 ergo
2840 4090 2890 4139 et
2937 4088 3075 4151 ipsae

577 4162 845 4223 materiae,
897 4176 1028 4227 quae
1080 4164 1337 4227 fingentur
1355 4204 1370 4225 ,
1421 4180 1577 4231 quam
1627 4167 1915 4221 simillimae
1965 4168 2189 4229 veritat-i,
2238 4176 2289 4217 et
2334 4167 2659 4230 declamatio,
2724 4172 2779 4221 in
2824 4178 3076 4236 quantum

577 4247 802 4297 maxime
853 4252 1042 4311 potest,
1079 4248 1302 4298 imitetur
1337 4262 1420 4299 eas
1465 4250 1685 4303 actiones
1699 4289 1715 4313 ,
1762 4252 1817 4302 in
1850 4266 2065 4318 quarum
2106 4252 2518 4303 exercitationem
2552 4260 2750 4319 reperta
2777 4260 2867 4305 est.
2935 4254 3075 4307 Nam

576 4344 762 4395 maye-³,
798 4337 849 4381 et
875 4328 1212 4403 pestilentiam.
1232 4341 1282 4384 et
1316 4348 1576 4400 responsa,
1613 4342 1663 4387 et
1696 4334 1937 4386 saeviores
1971 4332 2175 4399 trayicis
2217 4350 2447 4386 novercas
2480 4337 2681 4403 aliaque
2714 4338 2875 4402 magis
2909 4337 3076 4389 adhuc

577 4414 830 4477 fabulosa,
865 4415 1051 4467 frustra
1085 4418 1217 4469 inter
1255 4417 1533 4483 sponsiones
1569 4427 1620 4471 et
1653 4418 1913 4471 interdicta
1944 4433 2261 4486 quaeremus.

647 4496 731 4567 ¹⁶³)
767 4500 992 4565 Smyrna
1014 4501 1232 4553 Romam
1263 4504 1500 4555 veniebat
1535 4521 1581 4555 a.
1612 4522 1662 4557 u.
1699 4521 1743 4557 c.
1784 4508 1899 4559 741.
1934 4506 2117 4571 Meyer
2152 4504 2331 4569 fragm.
2371 4504 2530 4558 Oratt.
2568 4521 2616 4571 p.
2658 4508 2773 4558 537.

645 4580 731 4648 16’1)
765 4584 842 4633 M.
879 4583 1074 4636 Seneca
1107 4592 1273 4651 pater,
1308 4586 1475 4641 Praef.
1512 4590 1640 4643 Exc.
1678 4589 1852 4645 Contr.
1889 4591 1926 4643 1.
1961 4591 2065 4643 111.
2102 4606 2152 4657 p.
2189 4593 2312 4641 428.

646 4663 734 4733 1⁶⁵)
769 4666 973 4732 Quinct.
1011 4668 1081 4721 X.
1122 4674 1170 4722 5.
1207 4669 1234 4735 §
1270 4674 1351 4721 20.
