3375 5500
2618 431 2729 475 XXI

243 641 411 705 quae
461 620 829 687 consulares
877 619 1392 685 nominarentur.
1487 619 1784 684 Quarum
1830 638 1963 682 una
2012 623 2110 683 est
2152 618 2223 682 in
2274 621 2520 685 Senatu
2564 619 2715 685 Kal.

244 740 422 806 Ian.:
503 741 707 807 altera
771 741 854 805 ad
925 740 1238 826 populum
1299 738 1380 804 de
1442 738 1585 822 lege
1648 739 1939 822 agraria3
2014 727 2210 808 tertia
2272 738 2353 804 de
2417 740 2677 804 Othone
2696 787 2716 816 ‚

246 865 481 944 quarta
525 881 642 943 pro
689 859 958 925 Rabirio
973 885 993 937 ;
1039 858 1269 943 quinta
1297 857 1378 922 de
1406 857 1915 942 proscriptorum
1948 857 2135 921 filiis:
2187 865 2369 924 sexta
2394 880 2545 923 cum
2571 880 2719 943 pro·

242 979 520 1044 vinciam
555 979 628 1043 in
656 978 963 1043 contione
990 975 1258 1062 deposui
1277 1001 1297 1054 ,-
1327 975 1602 1060 septima
1621 1023 1641 1052 ‚
1673 997 1803 1059 qua
1824 975 2177 1040 Catilinam
2206 977 2425 1044 emisi:
2458 983 2718 1054 octava,

242 1117 443 1182 quam
484 1097 686 1162 habui
730 1096 813 1161 ad
859 1096 1172 1182 populum
1216 1093 1566 1180 postridie,
1612 1116 1810 1178 quam
1846 1094 2132 1159 Catilina
2169 1097 2490 1181 profugit:
2543 1081 2719 1163 nona

237 1219 311 1282 in
359 1218 702 1294 contione,
761 1238 892 1301 quo
951 1215 1055 1281 die
1103 1215 1488 1299 Allobroges
1546 1215 1997 1298 involgarunt:
2056 1214 2306 1310 decima
2351 1215 2423 1279 in
2476 1218 2721 1281 Senatu

238 1337 461 1402 Nonis
505 1336 848 1402 Decembr.
917 1337 1086 1400 Sunt
1118 1340 1450 1420 praeterea
1493 1333 1660 1399 duae
1689 1333 1949 1412 breves,
1991 1335 2176 1418 quasi
2202 1334 2721 1414 οέποσπασ-μοέτιοι

236 1455 405 1539 legis
451 1456 756 1540 agrariae.
851 1456 1000 1520 Hoc
1049 1460 1263 1519 totum
1315 1459 1502 1532 σῶμα
1543 1452 1783 1518 curabo
1831 1460 1908 1519 ut
1956 1454 2212 1520 habeas,
2277 1455 2367 1518 Et
2412 1455 2723 1538 quoniam

234 1580 304 1640 te
347 1596 496 1640 cum
533 1575 804 1660 scripta,
849 1580 991 1639 tum
1021 1595 1123 1639 res
1161 1595 1347 1638 meae
1381 1572 1741 1650 delectant,
1776 1572 2007 1638 iisdem
2046 1595 2120 1639 ex
2156 1572 2339 1637 libris
2377 1574 2719 1659 perspicies

237 1701 304 1759 et
362 1716 528 1778 quae
571 1695 881 1779 gesserim
929 1699 995 1758 et
1044 1714 1210 1777 quae
1257 1691 1560 1756 dixerim:
1611 1696 1727 1755 aut
1770 1713 1855 1756 ne
1898 1692 2328 1775 poposcisses:
2380 1715 2498 1776 ego
2546 1695 2720 1758 enim

235 1812 362 1878 tibi
405 1836 513 1878 me
566 1835 702 1879 non
747 1812 1163 1878 offerebam.”

331 1934 542 1999 Orelli
581 1933 707 1998 sibi
737 1932 912 1997 visus
958 1937 1095 1997 erat
1134 1932 1206 1996 in
1241 1933 1366 1997 hoc
1400 1933 1546 1998 loco
1588 1931 2369 2018 deprehendisse.indicia
2408 1936 2719 2001 orationis

237 2076 374 2118 non
424 2052 888 2118 Ciceronianae
905 2077 925 2130 3
977 2051 1091 2116 sed
1138 2051 1458 2117 eiusmodi
1501 2057 1689 2128 sunt,
1746 2051 1803 2115 si
1859 2051 2265 2136 Madvigium
2325 2054 2590 2133 audias,
2646 2062 2723 2120 ut

238 2171 513 2236 refutari
579 2171 686 2235 vix
761 2170 1057 2236 debeant.
1101 2208 1194 2219 ——
1240 2171 1372 2236 Sed
1435 2172 1536 2236 vel
1598 2172 1693 2236 sic
1758 2177 1977 2237 tamen
2042 2172 2123 2238 de
2186 2174 2392 2239 verbis
2449 2201 2489 2246 ,a
2510 2176 2721 2240 oratio

244 2312 372 2373 qua
406 2291 758 2355 Catilinam
797 2290 1026 2355 emisi''
1065 2289 1273 2354 altum
1311 2295 1410 2354 est
1441 2290 1812 2368 silentium,
1848 2313 2051 2375 quum
2087 2298 2261 2358 recte
2291 2292 2461 2357 illud
2496 2292 2718 2375 ἄκυρον

245 2409 515 2476 dixisset
553 2409 758 2476 Orelli
805 2409 934 2474 nisi
969 2408 1315 2475 adderetur
1355 2429 1432 2472 eoe
1469 2410 1652 2486 urbe,
1698 2415 1795 2474 ut·
1814 2410 1958 2474 aliis
1997 2410 2069 2476 in
2103 2412 2264 2477 locis
2301 2412 2543 2496 legitur
2574 2414 2723 2503 ¹⁰8).

245 2529 394 2594 Iam
446 2551 596 2596 vero
657 2551 859 2615 quum
907 2529 1273 2596 sententiae
1329 2535 1459 2595 tres
1520 2536 1735 2595 essent
1793 2552 1964 2614 quae
2007 2531 2483 2598 dubitationem
2532 2535 2723 2600 vehe-

246 2655 504 2714 menter
566 2656 904 2716 moverent
974 2650 1222 2717 Orellio
1286 2649 1358 2713 in
1424 2649 1552 2714 hoc
1614 2647 1795 2728 loc0,
1863 2649 2133 2733 Madvig
2193 2651 2541 2735 respondet
2588 2675 2724 2718 non

246 2769 370 2833 hoc
427 2790 566 2835 esse
621 2771 943 2855 agendum
992 2778 1070 2837 ut
1117 2770 1614 2855 diligentissime
1663 2769 1749 2834 ad
1804 2770 2164 2855 syllogismi
2226 2772 2505 2837 formam
2571 2796 2724 2839 cau-

243 2908 461 2953 sarum
541 2890 860 2975 expositio
927 2890 1000 2954 in
1071 2890 1378 2955 familiari
1453 2888 1728 2974 epistola
1800 2890 2310 2975 praescribatur,
2384 2912 2598 2975 neque
2654 2915 2723 2957 se

243 3012 506 3091 putasse
573 3010 894 3075 Orellium
949 3008 1028 3074 de
1075 3031 1193 3074 suo
1243 3007 1328 3073 ad
1380 3006 1693 3073 orationis
1752 3007 2215 3073 Ciceronianae
2262 3010 2723 3095 proprietatem

243 3126 879 3195 animadvertendam
935 3150 1131 3194 sensu
1186 3133 1323 3193 tam
1368 3127 1534 3192 bene
1595 3126 1983 3191 existimare.
2076 3127 2205 3191 Vix
2252 3126 2532 3194 dicerem
2577 3129 2722 3215 plu-

245 3267 343 3313 res
409 3247 799 3313 auctoritate
861 3247 1098 3311 summi
1149 3246 1268 3311 viri
1321 3268 1516 3332 quam
1565 3246 1968 3329 argumentis
2015 3246 2087 3310 in
2135 3247 2261 3312 hoc
2307 3247 2453 3313 loco
2509 3254 2721 3313 motos

247 3386 418 3444 esse,
479 3366 596 3452 qui
650 3368 964 3450 genuinas
1011 3372 1141 3432 tres
1171 3366 1560 3451 posteriores
1600 3365 2014 3431 Catilinarias
2061 3372 2385 3452 putarent.
2481 3369 2723 3432 Occur-

247 3491 398 3550 runt
469 3485 540 3549 in
601 3485 779 3552 brevi
829 3485 1133 3571 periodo,
1180 3492 1257 3551 ut
1306 3484 1512 3550 Orelli
1566 3483 1916 3562 indicavit,
1962 3484 2089 3549 tria
2137 3482 2322 3563 ἅπαξ
2363 3484 2724 3565 λεγόμεναι

252 3630 285 3663 n
300 3605 805 3688 refractariolum
818 3653 839 3682 ,
901 3626 942 3667 a
1001 3606 1241 3667 dicendi
1282 3622 1504 3687 yenere
1550 3622 1614 3664 se
1669 3602 1997 3685 abiungere
2012 3651 2033 3680 ,
2076 3603 2531 3687 involyarant.''
2620 3604 2725 3669 De

247 3722 452 3805 primo
522 3723 792 3807 Madvig
854 3717 1240 3810 respondet,
1321 3726 1619 3806 quartam
1684 3720 1915 3785 saltem
1986 3727 2236 3805 partem
2300 3722 2722 3787 diminutivo-

245 3861 390 3905 rum
448 3862 584 3911 uno
631 3847 892 3907 tantum
935 3842 1084 3907 loco
1132 3842 1282 3926 legi.
1377 3841 1627 3905 Rursus
1672 3837 1790 3903 tali
1846 3846 2229 3923 argumento
2286 3842 2571 3924 generali
2621 3864 2721 3908 re-

247 3958 524 4044 fringere
587 3966 863 4027 conatur
925 3960 1197 4044 Madvig
1263 3958 1493 4025 Orellii
1562 3957 2031 4024 obiectionem:
2102 3960 2513 4027 affectatione
2583 3984 2719 4028 non

247 4098 461 4146 carere
518 4081 768 4146 Graeca
817 4081 887 4143 in
933 4084 1071 4145 tam
1117 4080 1296 4145 brevi
1343 4080 1489 4146 loco
1540 4079 1735 4143 nimis
1788 4079 2153 4146 cumulata:
2204 4080 2423 4146 dicens
2472 4081 2543 4143 in
2590 4084 2723 4166 epi-

246 4196 414 4261 stola
474 4199 669 4264 tertia
688 4247 711 4277 ,
772 4198 976 4263 altero
1032 4204 1216 4264 tanto
1268 4199 1402 4263 fere
1448 4198 1744 4283 longiore
1814 4197 1897 4283 (si
1943 4200 2103 4265 haec
2158 4197 2488 4265 metienda
2533 4200 2711 4287 sunt)

249 4316 550 4383 undecies
595 4317 798 4384 verba*
827 4319 1075 4384 Graeca
1113 4319 1289 4404 poni.
1385 4318 1520 4384 Qui
1558 4339 1711 4384 vero
1767 4318 1861 4384 ita
1918 4318 2205 4403 disputat
2244 4318 2520 4382 nimium
2573 4340 2720 4403 pro--

249 4431 459 4502 bando
507 4436 674 4502 nihil
724 4437 994 4524 probare
1043 4437 1316 4505 videtur.
1406 4437 1671 4503 Etenim
1716 4437 1909 4521 longe
1952 4437 2079 4501 alia
2126 4457 2227 4502 res
2267 4443 2365 4502 est
2402 4436 2473 4501 in
2520 4458 2617 4523 ep.
2652 4440 2714 4503 3.

306 4706 392 4778 108)
429 4710 531 4768 010,
569 4730 660 4778 pro
695 4714 841 4780 Sylla
878 4720 924 4765 5.
962 4716 987 4781 ᾗ
1029 4718 1106 4767 17.
1151 4731 1240 4781 p1-0
1275 4719 1522 4772 Muraena
1558 4726 1607 4772 3.
1644 4720 1670 4786 §
1708 4723 1756 4769 6.
