3375 5500
607 421 811 465 vam

605 609 895 676 adhiberi
909 654 930 686 ‚
975 629 1206 694 nempe
1249 605 1568 673 Asconius
1611 607 1737 697 2⁴²)
1753 658 1770 688 ,
1818 609 1931 693 qui
1987 609 2177 687 dicit,
2222 631 2372 676 eum
2422 606 2626 689 diem,
2667 635 2797 697 quo
2835 617 3075 685 Cicero

605 731 968 797 orationem
1029 729 1100 794 in
1173 731 1420 795 Senatu
1476 727 1739 806 habuit,
1802 750 1939 794 esse
2016 729 2339 796 decimum
2406 735 2737 813 octavum,
2804 757 2883 800 ex
2932 761 3071 822 quo

606 852 834 916 Sctum
879 850 1124 915 factum
1181 855 1349 915 esset
1391 854 1469 914 ut
1521 851 1789 913 consules
1827 851 2100 914 viderent
2114 896 2135 928 ‚
2178 870 2253 914 ne
2298 851 2452 935 quid
2494 851 2835 918 detrimenti
2882 875 3069 940 cape-

603 977 698 1034 ret
772 969 1153 1054 Respublica.
1239 969 1502 1036 Etenim
1522 1015 1543 1047 ‚
1603 969 1659 1034 si
1730 991 1913 1036 more
1984 971 2431 1036 Romanorum
2508 974 3069 1058 computationem

606 1091 878 1158 facimus
951 1093 1114 1174 2⁴³),
1184 1089 1337 1156 inde
1408 1113 1449 1155 a
1515 1088 1622 1156 die
1692 1091 1800 1154 21.
1867 1112 1955 1155 m.
2030 1092 2175 1156 Oct.
2252 1089 2539 1158 decimus
2614 1099 2876 1160 octavus
2935 1097 3069 1163 erit

599 1209 665 1278 d.
717 1213 776 1275 7.
823 1232 910 1274 m.
956 1210 1127 1276 Now
1176 1215 1326 1295 ²⁴¹⁴).

686 1331 781 1396 At
842 1330 1096 1397 Ahrens
1160 1329 1320 1395 dicit
1377 1331 1502 1420 ²⁴⁵)
1573 1330 1933 1398 Ascanium
2005 1351 2143 1397 esse
2201 1331 2491 1417 lapsum,
2560 1352 2710 1398 eum
2779 1354 2858 1399 ex
2932 1355 3059 1399 suo

597 1471 780 1517 more
851 1449 1016 1542 dies*
1052 1471 1421 1518 numerasse
1497 1450 1580 1517 ab
1647 1472 1725 1516 eo
1780 1447 1887 1520 dis
1900 1497 1923 1528 ‚
1982 1471 2059 1516 ex
2126 1472 2256 1536 quo
2326 1453 2607 1518 Senatus
2674 1452 3055 1520 consulibus

599 1570 1062 1657 rempublicam
1123 1570 1480 1649 commisit,
1547 1569 1631 1636 ad
1694 1593 1847 1636 eum
1915 1569 2121 1649 diem,
2188 1591 2319 1656 quo
2375 1571 2599 1638 habita
2656 1578 2755 1639 est
2808 1572 3061 1652 oratio;

597 1692 704 1756 sin
773 1712 925 1757 vero
993 1711 1072 1756 ex
1137 1711 1318 1756 more
1382 1690 1828 1757 Romanorum
1887 1694 2265 1756 numeretur
2327 1689 2679 1775 additoque
2728 1690 2833 1756 die
2853 1738 2875 1769 ,
2922 1713 3062 1776 quo

600 1814 830 1878 Setum
869 1810 949 1876 de
992 1810 1278 1876 Catilina
1314 1809 1560 1876 factum
1603 1810 1719 1888 sit,
1762 1817 1907 1875 tum
1950 1831 2033 1876 eo
2078 1809 2215 1887 die,
2260 1831 2389 1894 quo
2433 1809 2662 1876 Cicero
2703 1811 3063 1878 Catilinam

589 1952 678 1996 ex
745 1928 906 1994 urbe
971 1929 1196 2006 eiecit,
1259 1929 1490 2012 viginti
1553 1928 1808 1995 dierum
1860 1929 2304 2013 planissimam
2350 1929 2673 1997 rationem
2725 1951 3057 2016 apparere.

593 2047 916 2114 Asconius
969 2046 1069 2125 id,
1121 2047 1297 2131 quod
1341 2048 1630 2132 postulat
1676 2049 1929 2112 Ahrens
1948 2095 1971 2125 ‚
2014 2047 2206 2125 fecit,
2250 2048 2365 2132 qui
2413 2049 2771 2116 Ascanium
2820 2049 3061 2116 erroris

593 2187 872 2252 arguens
914 2167 1054 2253 ipse
1094 2166 1364 2233 fallitur.
1425 2166 1780 2233 Videamus
1822 2167 2019 2234 modo
2037 2215 2060 2245 ,
2104 2164 2262 2252 quid
2302 2166 2398 2232 rei
2438 2168 2547 2234 sit.

642 2309 700 2353 a.
731 2287 796 2352 d.
823 2285 968 2350 XII
996 2287 1145 2352 Kal.
1198 2288 1371 2353 Nov.
1403 2292 1500 2354 est
1527 2287 1590 2352 d.
1615 2310 1706 2353 m.
1736 2289 1881 2354 Oct.
1898 2289 2005 2352 21.

641 2427 701 2470 a.
731 2405 794 2470 d.
821 2406 953 2498 ,ΙΙΙ
995 2405 1145 2471 Kal.
1201 2407 1372 2472 Nov.
1401 2413 1500 2473 est
1528 2407 1589 2473 d.
1621 2430 1709 2474 m.
1742 2408 1887 2472 Oct.
1912 2409 2001 2472 30
2026 2404 2069 2470 i.
2100 2428 2152 2474 e.
2176 2406 2311 2474 dies
2339 2407 2646 2476 decimus.

995 2524 1146 2594 Kal.
1198 2528 1372 2592 Nov.
1409 2527 1611 2612 igitur
2176 2526 2313 2593 dies
2355 2527 2795 2596 duodecimus.

993 2648 1172 2716 Non.
1203 2650 1377 2715 Nov.
2170 2648 2317 2714 dies
2362 2648 2645 2717 decimus
2688 2655 2976 2732 quartus,

632 2794 696 2837 a.
741 2771 803 2836 d.
841 2770 984 2835 VII
1043 2770 1146 2834 Id.
1202 2771 1272 2833 N
1273 2792 1374 2835 ov.
1407 2768 1518 2854 qui
1547 2776 1648 2836 est
1673 2769 1737 2834 d.
1767 2792 1852 2835 m.
1883 2770 2052 2835 Nov.
2086 2772 2148 2836 7.
2175 2768 2311 2836 dies
2336 2776 2433 2835 est
2451 2768 2733 2835 decimus
2754 2774 3055 2837 octavus.

688 2892 799 2957 Sic
877 2890 1198 2957 Asconius
1279 2910 1459 2957 more
1533 2890 1981 2956 Romanorum
2050 2890 2450 2969 numeravit;
2514 2888 2627 2955 sed
2696 2888 2824 2957 alia
2874 2890 3054 2957 ratio

588 3012 839 3101 placuit
890 3010 1218 3078 Ahrensio
1233 3058 1256 3089 ,
1299 3008 1413 3095 qui
1467 3016 1760 3077 statuens
1810 3012 2124 3076 Senatum
2190 3030 2359 3076 esse·
2387 3008 2683 3075 habitum
2723 3031 2785 3074 a.
2832 3008 2893 3073 d.
2942 3010 3053 3074 VI

591 3132 699 3197 Id.
745 3134 916 3198 Nov.
971 3129 1058 3219 (d.
1103 3134 1168 3193 8.
1215 3152 1304 3194 m.
1347 3131 1546 3215 Nov.)
1567 3176 1588 3208 ‚
1627 3130 1725 3195 ita
1766 3129 2317 3215 computationem
2358 3128 2517 3194 facit
2562 3133 2724 3213 24⁰):

1215 3292 1238 3311 Υ
1269 3312 1312 3339 Ἣ

649 3376 740 3445 ²42)
773 3378 896 3429 Asc.
932 3377 1057 3429 red.
1091 3392 1142 3442 p.
1181 3380 1229 3427 6.
1260 3376 1439 3429 crem.

649 3462 739 3532 24³)
772 3465 918 3515 Doet.
954 3463 1183 3524 Ottema,
1212 3464 1275 3514 -in
1309 3461 1605 3513 Prolusione
1639 3460 1886 3513 Scholast.
1916 3459 2103 3527 Gymn.
2138 3461 2295 3512 Leov.
2330 3466 2619 3527 nuperrime
2653 3464 2813 3515 edita:
2860 3460 2919 3513 de
2954 3460 3065 3513 loeo

583 3551 864 3605 Sumsm
893 3546 1258 3615 transpositione
1286 3542 1568 3596 emendando
1581 3586 1594 3608 ,
1631 3562 1735 3598 non
1764 3545 1926 3597 solum
1954 3560 2147 3602 morem
2174 3546 2516 3598 Romanorum
2539 3548 2817 3599 solemnem
2842 3547 2896 3597 in
2924 3562 3060 3597 com-

583 3638 840 3702 putatione
867 3650 958 3701 per
985 3634 1265 3686 numeralia
1290 3632 1536 3683 ordinalia
1561 3632 1813 3697 neglexit,
1848 3645 2024 3682 verum
2050 3631 2204 3681 etiam
2232 3630 2509 3682 Asconiani
2536 3632 2635 3683 loci
2660 3631 2857 3681 nullam
2882 3631 3065 3683 habuit

584 3724 832 3775 rationem
844 3742 859 3781 ;
904 3720 1072 3771 scribit
1104 3720 1268 3780 enim,
1311 3717 1488 3770 Sctum
1521 3716 1709 3767 factum
1744 3730 1877 3779 esse,
1912 3717 1994 3767 die
2030 3721 2113 3767 21.
2152 3731 2221 3767 m.
2258 3714 2397 3776 Oct.;
2430 3731 2541 3765 nam
2572 3714 2623 3765 in
2654 3714 2868 3766 oratione
2892 3713 3064 3781 prima

586 3805 637 3855 in
679 3804 958 3866 Catilinam,
998 3820 1141 3869 quam
1173 3801 1338 3853 habuit
1364 3801 1442 3852 die
1473 3810 1606 3851 sexto
1639 3808 1751 3851 ante
1784 3797 1907 3851 Idus·
1936 3799 2225 3851 Novembres
2257 3798 2458 3850 Cicero:
2498 3823 2521 3843 u
2537 3799 2613 3850 At
2640 3814 2731 3849 nos
2764 3800 3065 3850 vicesimum.

581 3891 688 3941 iam
721 3890 888 3941 diem”
925 3895 1040 3939 cett.
1111 3888 1255 3949 Quae
1289 3888 1372 3939 die
1415 3888 1650 3939 vicesimo
1683 3892 1795 3951 post
1839 3886 1889 3935 d.
1927 3889 2009 3934 21.
2045 3898 2115 3934 m.
2152 3882 2263 3936 Oct.
2297 3884 2427 3933 facta
2466 3888 2610 3942 sunt,
2658 3884 2935 3933 necessario
2980 3898 3063 3933 ca-

583 3972 714 4023 dunt
757 3971 812 4021 in
845 3972 896 4019 d.
933 3975 981 4020 9.
1011 3986 1080 4019 m.
1115 3971 1246 4022 Nov.

655 4050 740 4120 ²⁴4)
776 4053 879 4116 Qui
923 4052 1203 4103 Asconium
1247 4053 1492 4117 sequitur,
1537 4053 1769 4103 Muretus
1813 4059 1983 4103 tamen
2029 4055 2257 4101 senatum
2302 4049 2531 4100 habitum
2578 4064 2683 4101 esse
2720 4050 2888 4102 scribit
2921 4066 2969 4103 a.
3005 4050 3063 4099 d.

586 4140 668 4191 VI
683 4140 764 4190 Id.
781 4138 912 4189 Nov.
925 4175 941 4199 ,
959 4136 1220 4201 negngns
1245 4144 1432 4186 certam
1446 4173 1460 4196 ,
1494 4152 1649 4201 quam
1681 4138 1876 4202 saepius
1904 4136 2008 4185 dixi
2022 4173 2036 4196 ,
2066 4134 2293 4197 regulam
2319 4135 2374 4186 in
2401 4135 2785 4201 computatione.
2820 4134 2896 4185 M.
2926 4134 3061 4186 Ant.

585 4224 776 4276 Mureti
808 4239 889 4289 op.
925 4224 1004 4274 ed.
1039 4221 1247 4273 Ruhnk.
1284 4221 1360 4271 ΙΙ.
1392 4235 1441 4285 p.
1481 4225 1609 4281 530,
1646 4226 1766 4271 545.

655 4304 740 4372 24⁵)
775 4307 1008 4368 Ahrens,
1045 4305 1184 4359 Orat.
1220 4304 1398 4367 Quart.
1434 4305 1490 4354 in
1518 4302 1626 4355 Cat.
1663 4320 1713 4369 p.
1752 4310 1816 4355 43
1854 4319 1927 4369 sq.

655 4388 741 4457 ²4⁵)
777 4391 972 4453 Quibus
1005 4399 1063 4443 ut
1086 4392 1329 4442 maiorem
1354 4390 1464 4441 vim.
1487 4390 1699 4451 tribuat,
1728 4390 1853 4439 haec
1886 4387 2047 4438 addit:
2088 4407 2111 4430 n
2128 4384 2301 4447 Quid?
2338 4399 2512 4437 nonne
2540 4387 2717 4439 eodem
2748 4388 2899 4437 modo
2932 4398 3061 4436 nun·

586 4478 729 4528 dinas
780 4476 1012 4539 componi
1063 4476 1233 4526 solitas
1283 4474 1562 4539 accepimus
1574 4473 1632 4523 '1²⁹'
1667 4473 1999 4537 subiungens:
2044 4471 2195 4521 Varr.
2225 4470 2289 4521 de
2321 4470 2386 4519 L.
2415 4471 2482 4521 L.
2516 4471 2586 4523 V.
2623 4476 2671 4521 3.
2707 4470 2839 4522 Gell.
2884 4470 2952 4523 N.
2985 4470 3060 4519 A.

585 4564 662 4613 Π.
703 4565 788 4612 21.
855 4560 1036 4611 Festus
1068 4574 1176 4611 voc.
1213 4559 1584 4625 Quinquatrus:
1619 4559 1709 4625 qui
1740 4567 1839 4610 tres
1873 4559 1972 4609 loci
1998 4572 2173 4609 omnes
2206 4557 2269 4607 de
2302 4556 2709 4622 quinquatribus,
2750 4554 2933 4605 idcirco
2960 4553 3063 4602 dic·

588 4648 680 4707 tis,
727 4642 858 4711 quod
883 4642 1086 4709 quinque
1119 4644 1180 4695 ab
1214 4640 1384 4697 Idibus
1416 4642 1598 4697 dierum
1631 4660 1847 4696 numerus
1880 4642 1971 4707 sit,
2005 4658 2121 4696 cum
2156 4648 2323 4694 nostra
2354 4643 2643 4708 quaestione
2676 4637 2751 4695 nil
2783 4638 3061 4705 quidquam

581 4730 772 4783 habent
802 4744 1083 4782 commune.
