3375 5500
2609 381 2780 428 1111!

281 564 600 632 adficiens
662 562 927 647 quidem
989 585 1059 628 se
1107 563 1302 632 verbo
1361 561 1460 632 uti
1513 561 1733 630 minus
1789 561 2087 642 usitato„
2144 566 2205 630 Ο
2254 565 2486 632 miram
2540 569 2763 636 defen-

281 683 582 750 sionem!
647 682 814 750 illud
879 683 1264 750 vocabulum
1337 680 1490 748 huic
1557 680 1705 748 loco
1779 682 2124 750 convenire
2139 731 2161 761 ‚
2220 685 2400 770 quod
2470 687 2721 756 Gellius
2736 738 2765 770 ‚

283 826 495 887 quum
539 825 618 870 eo
658 809 952 870 uteretur
966 849 988 881 ,
1033 824 1168 867 non
1207 800 1529 868 addiderit
1559 800 1727 866 illud
1759 801 1932 887 apud
1974 802 2315 888 scriptores
2357 807 2757 892 antiquiores

279 945 423 990 non
474 923 636 1008 legi!
682 945 836 988 nam
889 929 1341 1008 praeterquam
1386 920 1561 1007 quod
1607 917 1793 999 ἅπαξ
1837 919 2180 1002 λεγόμενον
2222 930 2362 1002 est,
2396 927 2759 994 sententiae

278 1066 422 1109 non
479 1043 802 1109 convenit.
881 1043 1012 1108 Sed
1052 1064 1375 1129 apponam
1415 1041 1618 1128 ipsius
1663 1040 1786 1106 viri
1828 1041 2187 1110 doctissimi
2224 1044 2452 1112 verba:
2504 1045 2766 1130 nAtque

277 1161 446 1228 haec
489 1183 614 1228 vox
667 1163 886 1228 locum
927 1184 1120 1228 suum
1165 1161 1517 1228 obtinebit:
1566 1181 1865 1228 sermone
1901 1161 2243 1230 hominum
2282 1170 2349 1230 et
2392 1165 2761 1231 rumoribus

271 1281 442 1346 satis
493 1281 650 1348 trita
701 1288 842 1348 erat
879 1281 1202 1348 Catilinae
1246 1279 1609 1348 coniuratio
1651 1279 1803 1357 sed,
1843 1285 1920 1346 ut
1948 1286 2103 1348 sunt
2136 1282 2463 1362 homines,
2498 1285 2761 1368 vulgus,

275 1423 492 1485 quum
525 1401 780 1486 saep-ius
813 1401 1038 1467 eadem
1071 1387 1558 1486 spargerentur,
1595 1402 1701 1468 vel
1739 1423 1877 1468 non
1908 1402 2222 1481 credidit,
2256 1405 2359 1469 vel
2394 1404 2621 1471 audita
2646 1429 2761 1472 ne-

269 1521 519 1604 glexit,
582 1520 787 1586 donec
847 1519 1309 1605 Allobrogibus
1373 1521 1578 1606 captis
1632 1527 1775 1590 tota
1838 1544 1941 1588 res
1998 1523 2299 1590 omnibus
2362 1525 2465 1589 vel
2516 1524 2757 1590 infimis

271 1638 546 1724 patebat
607 1639 1033 1724 omniumque
1087 1639 1340 1706 animos
1389 1638 1472 1703 ad
1527 1661 1598 1704 se
1641 1640 2081 1707 convertebat.
2172 1642 2467 1725 Eamque
2516 1644 2761 1726 signifi-

271 1758 609 1824 cationem
647 1758 892 1842 ubique
937 1757 1190 1824 Gellius
1234 1757 1476 1824 retinet
1523 1756 1725 1823 immo
1774 1758 1898 1828 IV.
1937 1761 2000 1826 9.
2045 1758 2347 1843 opponit:
2395 1763 2621 1845 templa
2665 1782 2762 1826 re-

270 1878 546 1942 verenda
583 1877 782 1959 mayis
799 1896 985 1959 quam
1003 1876 1408 1960 invulyanda‚
1435 1875 1552 1942 ubi
1578 1898 1925 1962 perparum
1948 1899 1987 1943 a
2016 1880 2479 1944 contaminando
2508 1880 2753 1946 abest.''

273 1996 468 2060 Haec
529 1996 786 2078 Hagen.
877 1993 972 2058 At
1023 1993 1409 2078 Allobroges
1467 1996 1827 2062 secundum
1882 1996 2265 2064 Ciceronem
2325 1998 2397 2062 in
2463 1999 2762 2064 coniura-

271 2114 463 2180 tione
507 2112 890 2188 Catilinaria
944 2111 1260 2180 indicium
1313 2113 1528 2180 solum
1571 2113 1891 2182 dederunt
1944 2115 2017 2180 in
2072 2117 2321 2182 Senatu
2357 2128 2376 2166 ¹
2393 2128 2412 2166 1
2428 2116 2483 2206 ⁵)
2502 2166 2522 2195 ‚
2582 2117 2761 2202 quod

272 2239 456 2298 certe
517 2254 650 2297 non
699 2231 1008 2298 convenit
1053 2233 1514 2316 significationi
1564 2232 1744 2301 verbi
1800 2235 2159 2317 invulyandi
2210 2258 2414 2320 quum
2468 2259 2507 2300 a
2554 2242 2760 2300 conta-

275 2351 568 2415 minando
615 2372 960 2436 perparum
1009 2351 1210 2418 abest.
1301 2353 1540 2437 Neque
1589 2353 1798 2422 tribus
1846 2352 1994 2420 aliis
2042 2354 2203 2420 loeis
2252 2355 2571 2422 Gellianis
2618 2377 2761 2422 eam

273 2469 690 2555 significandi
755 2476 1146 2556 potestatem
1207 2471 1406 2538 habet
1453 2477 1530 2537 ut
1577 2495 1730 2540 eum
1772 2473 2107 2540 Ciceronis
2157 2475 2365 2542 verbis
2421 2477 2762 2542 convenire

279 2591 507 2674 possit.
581 2591 760 2655 Nam
794 2591 1038 2674 ubique
1076 2591 1498 2676 pervulgandi
1531 2597 1925 2678 potestatem
1962 2593 2195 2671 habet,·
2239 2616 2370 2677 quo
2410 2594 2485 2660 fit
2499 2641 2520 2670 ,
2560 2617 2763 2677 quum

279 2709 668 2795 Allobroges
709 2710 925 2776 solum
971 2711 1323 2780 indicarint
1367 2713 1439 2777 in
1490 2715 1772 2791 Senatu,
1826 2719 1903 2779 ut
1954 2713 2177 2799 inepte
2220 2713 2346 2779 hoc
2395 2713 2540 2781 loeo
2588 2714 2761 2800 posi-

275 2836 420 2895 tum
485 2831 590 2896 sit.
683 2830 788 2895 De
844 2830 1160 2897 Cicerone
1222 2832 1366 2919 ipso
1421 2832 1698 2899 fortasse
1760 2838 1936 2899 recte
2002 2832 2457 2910 adhiberetur,
2523 2832 2763 2917 quippe

278 2950 392 3033 qui
433 2950 656 3015 omnia
699 2950 990 3016 indicum
1033 2952 1240 3029 dicta,
1278 2952 1711 3037 interrogata,
1754 2974 2063 3038 responsa
2098 2954 2171 3017 in
2208 2956 2457 3017 Senatu
2491 2952 2763 3035 perscri-

278 3069 490 3135 benda
535 3070 780 3137 curarit
796 3119 818 3147 ,
867 3092 1106 3155 easque
1153 3071 1408 3138 tabulas
1439 3071 1663 3137 statim
1712 3070 1989 3137 describi
2024 3070 2287 3137 iusserit
2330 3071 2413 3136 ab
2458 3071 2762 3137 omnibus

277 3189 556 3255 librariis
577 3238 598 3269 ,
653 3190 887 3269 dividi,
941 3191 1179 3275 passim
1216 3193 1582 3275 pervulyari
1626 3198 1823 3275 atque
1862 3190 1967 3257 edi
2007 3191 2249 3276 populo
2288 3191 2589 3256 Romano
2638 3191 2761 3257 im-

279 3310 600 3393 peraverit
635 3314 758 3395 ιιθ)
773 3336 793 3388 3
839 3309 1042 3375 immo
1085 3310 1313 3375 Cicero
1357 3310 1636 3377 affirmat
1677 3310 1898 3378 locum
1940 3311 2013 3377 in
2040 3310 2197 3377 orbe
2218 3318 2537 3377 terrarum
2562 3310 2763 3376 fuisse

277 3428 534 3493 nullum
551 3475 574 3506 ,
636 3451 768 3512 quo
823 3428 896 3492 in
959 3428 1104 3495 loco
1146 3428 1372 3515 populi
1431 3430 1715 3496 Romani
1770 3452 2013 3496 nomen
2066 3436 2269 3509 esset,
2312 3431 2473 3516 quin
2530 3429 2760 3497 eodem

279 3547 708 3633 perscriptum
749 3547 918 3614 illud
959 3548 1280 3615 indicium
1322 3550 1721 3634 pervenisset
1769 3554 1919 3635 11⁷).

371 3668 602 3733 Quum
637 3667 838 3751 igitur
882 3667 1088 3733 Orelli
1125 3672 1302 3733 reete
1346 3668 1636 3752 posuerit
1673 3668 1837 3735 haec
1874 3668 2067 3734 verba
2102 3668 2185 3733 ab
2212 3666 2393 3733 omni
2422 3666 2753 3733 Ciceronis

280 3786 756 3852 consuetudine
805 3787 1148 3853 abhorrere
1185 3785 1428 3864 videri,
1473 3786 1949 3873 dispiciendum
1994 3808 2256 3872 quoque
2294 3786 2417 3853 erit
2454 3786 2538 3852 de
2583 3792 2756 3852 cete-

282 3904 370 3969 ris
413 3886 851 3989 argumenfis,
901 3928 1067 3990 quae
1115 3907 1406 3973 efficiunt
1458 3912 1535 3973 ut
1584 3912 1804 3973 totum
1852 3906 2027 3973 hunc
2069 3906 2289 3973 locum
2336 3928 2376 3972 a
2404 3906 2610 3975 sciolo
2649 3906 2751 3971 in-

280 4027 530 4090 trusum
579 4047 718 4092 esse
763 4026 1120 4093 credamus.
1213 4028 1393 4094 Quid
1435 4029 1612 4095 enim
1667 4028 2066 4113 significant:
2126 4056 2159 4089 a
2177 4028 2305 4094 fuit
2354 4027 2521 4091 mihi
2574 4048 2749 4092 eom-

280 4143 632 4210 modum”?
724 4146 1228 4215 Incommodum
1264 4149 1520 4214 nullum
1567 4148 1809 4235 opponi
1846 4154 2061 4234 potest
2074 4173 2094 4227 3
2140 4147 2373 4231 igitur,
2410 4151 2486 4210 ut
2522 4167 2748 4209 sensus

283 4260 436 4331 insit
486 4264 588 4330 his
634 4266 885 4344 verbis,
933 4269 1312 4355 explicanda
1360 4276 1513 4336 sunt
1570 4292 1716 4356 per:
1770 4270 2051 4356 placuit,
2096 4264 2324 4344 libuit,
2371 4272 2447 4331 ut
2493 4264 2745 4352 saepius

339 4485 423 4547 115)
457 4490 565 4543 (ΗΟ,
602 4505 652 4554 p.
686 4491 839 4557 Sylla
880 4497 956 4543 13.
993 4493 1019 4557 §5
1055 4498 1118 4544 36
1157 4510 1262 4560 sqq·

339 4569 423 4641 116)
457 4572 563 4627 (ΒΟ,
599 4587 650 4641 p,
685 4574 834 4641 Sylla
873 4580 950 4626 14.
987 4576 1014 4641 ᾗ
1049 4581 1110 4626 41
1152 4592 1257 4644 sqq·

338 4653 422 4725 11⁷)
456 4658 560 4714 cic.
597 4674 648 4726 p.
685 4660 832 4727 syna.
872 4664 950 4711 15·
987 4661 1014 4727 ᾗ
1051 4666 1131 4711 43·
