3375 5500
1439 463 1528 536 49

353 679 468 750 33.
545 677 774 750 Hiscev
829 676 1215 765 ominibus,
1288 678 1618 768 Catilina,
1697 707 1863 757 cum·
1946 709 2217 760 summa
2294 691 2707 791 reipublicae
2764 653 2785 676 ἢ

259 806 478 880 salute
520 813 588 882 et
635 807 729 897 ⁷⁴)
782 827 944 878 cum
991 815 1114 880 tua
1157 812 1349 905 peste
1387 833 1466 881 ac
1513 810 1813 906 pernicie
1852 837 2148 912 cumque
2188 842 2425 893 eorum
2466 823 2707 912 exiti0‚

251 935 376 1033 qui
427 958 498 1006 se
547 943 780 1008 tecum
833 935 1025 1007 omni
1073 935 1320 1008 scelere
1370 936 1871 1038 parricidioque
1912 941 2307 1017 ‘iunxerunt
2322 1005 2343 1034 ,
2402 952 2703 1046 proficis-

247 1087 400 1137 cere
447 1063 540 1137 ad
579 1062 872 1162 impium
922 1063 1184 1136 bellum
1237 1089 1318 1140 ac
1362 1064 1721 1141 nefarium.
1827 1069 2008 1143 'I'um
2062 1072 2159 1163 ⁷⁶)
2210 1079 2293 1146 tu
2348 1076 2699 1176 Iuppiter,

249 1193 372 1292 qui
425 1191 674 1266 iisdem
695 1250 716 1280 ‚
769 1191 1024 1291 quibus
1075 1191 1237 1267 hasc
1288 1192 1455 1266 urbs
1474 1252 1495 1281 ‚
1545 1195 1869 1294 auspiciis
1915 1223 1957 1272 a.
1997 1199 2298 1275 Romulo
2338 1227 2411 1276 es
2453 1209 2703 1281 consti-

249 1329 480 1410 tutus,
544 1344 753 1419 quem
815 1321 1158 1394 Statorem
1179 1390 1184 1395 ,
1207 1320 1414 1393 huius
1462 1321 1653 1395 urbis
1698 1329 1906 1422 atque
1953 1325 2224 1425 imperii
2276 1355 2433 1406 vere
2479 1337 2699 1410 nomi-

244 1475 532 1538 namuS‚·
595 1449 781 1523 hunc
832 1456 902 1522 et
947 1449 1156 1522 huius
1205 1449 1420 1524 socios
1469 1475 1510 1523 a
1565 1451 1706 1525 tuis
1755 1453 1889 1526 aris
1935 1455 2032 1546 ⁷⁰)
2087 1459 2467 1558 ceterisque
2521 1471 2695 1539 tem-

335 1609 402 1678 74)
437 1618 486 1662 et
518 1611 660 1662 omis.
799 1606 862 1676 ⁷⁵)
897 1617 1007 1664 tum
1041 1613 1183 1662 omis.
1323 1609 1385 1678 7⁸)
1421 1613 1519 1664 aris
1554 1614 1696 1666 omis.

235 1920 328 1980 15.
375 1919 426 2000 S
449 1920 546 1984 42.
632 1919 780 1990 Quis
819 1939 966 1981 vcro
1000 1923 1160 1983 serio
1209 1922 1404 1984 adhuc
1447 1923 1777 1984 contendet
1822 1922 2170 1985 Ciceronem
2214 1943 2339 1995 non
2388 1927 2703 1991 erubuisse

234 2026 296 2075 et
332 2033 546 2076 ausum
579 2033 714 2076 esse
762 2015 912 2076 haec
947 2017 1208 2079 scribere
1259 2019 1385 2080 sive
1433 2020 1636 2098 paullo
1677 2021 1805 2080 sive
1848 2021 2217 2100 aliquamdiu
2260 2032 2395 2102 post
2431 2026 2703 2086 coniura-

233 2113 491 2173 tionem:
549 2111 878 2174 »Catilinae
913 2113 1282 2192 profectione
1317 2117 1517 2176 omnia
1553 2117 1852 2176 illustrata
1890 2125 1953 2176 et
1988 2117 2379 2197 patefacta.”?
2440 2151 2522 2164 —-
2545 2127 2703 2198 pate·

233 2207 421 2284 facta,
455 2206 770 2270 illustrata.
857 2209 1170 2289 oppressa,
1203 2211 1510 2273 vindicata.
1593 2212 1741 2274 Bina
1778 2214 1990 2275 ultima
2028 2232 2469 2294 supervacanea
2506 2229 2665 2278 sunt.

310 2303 486 2364 Hisce
539 2303 822 2366 ominibus
879 2303 1134 2368 Catilina
1485 2309 1739 2369 aeternas
1800 2309 2103 2388 suppliciis
2148 2310 2302 2372 vivos
2349 2312 2709 2394 mortuosque

229 2399 525 2459 mactabis.
606 2425 692 2448 -ὴ
730 2398 884 2459 hisce
923 2401 1219 2462 ominibus.
1285 2401 1697 2472 Quibusnam?
1753 2401 1863 2472 Ea,
1906 2421 2062 2482 quae
2104 2406 2475 2483 praec-edunt
2506 2411 2706 2469 omina

232 2495 353 2555 dici
397 2511 518 2554 non
561 2503 830 2574 possunt.
911 2527 994 2542 -—
1035 2513 1159 2556 cum
1209 2513 1430 2557 summa
1469 2495 1791 2576 reipublica
1822 2499 2022 2560 salute.
2109 2498 2414 2563 Summam
2450 2505 2707 2566 salutem

230 2582 464 2651 nnllam
497 2609 629 2652 esse
671 2607 878 2672 posse,
911 2593 1029 2653 nisi
1065 2593 1411 2656 inferiorem
1447 2595 1705 2656 salutem
1733 2597 1918 2656 etiam
1954 2596 2237 2657 admittas
2278 2599 2404 2659 dixi
2434 2601 2509 2660 ad
2539 2601 2588 2682 3
2610 2603 2705 2662 11.

232 2722 314 2731 —-
351 2703 480 2748 oum
504 2686 856 2766 reipublicae
883 2687 1073 2751 salute
1100 2690 1460 2771 proficiscere
1491 2699 1633 2753 cett.
1698 2690 1761 2753 Si
1804 2692 1951 2773 quid
1980 2693 2319 2774 significare
2347 2706 2575 2775 posset,
2606 2699 2707 2760 ad·

231 2786 482 2845 modum
539 2784 780 2847 difficile
823 2784 988 2847 factu
1031 2797 1206 2848 esset.
1302 2786 1440 2847 Gam
1478 2788 1643 2849 enim
1692 2789 1847 2849 solet
1887 2789 2156 2850 indicare
2205 2792 2559 2856 comitatum
2608 2795 2706 2856 vel

231 2881 482 2942 modum
525 2899 643 2960 quo
679 2881 909 2961 aliquid
950 2882 1071 2944 fiat.
1155 2881 1350 2963 Igitur
1389 2884 1507 2945 dici
1542 2895 1766 2964 potest:
1809 2887 2008 2947 facere
2052 2888 2281 2967 aliquid
2312 2909 2449 2950 cum
2478 2892 2703 2953 incom-

225 2980 410 3041 modo
447 2997 588 3047 suo,
641 2978 727 3038 ita
781 2987 852 3038 ut
908 2998 1043 3039 cum
1090 2980 1250 3040 sacto
1297 2981 1744 3042 incommodum
1805 2992 2081 3043 nostrum
2130 2984 2557 3063 coniungatur,
2594 2988 2706 3049 sed

227 3074 527 3155 proficisci
563 3093 700 3135 cum
735 3076 1097 3155 reipublicae
1135 3077 1354 3146 salute,
1395 3096 1532 3138 eum
1569 3096 1677 3139 sua
1714 3088 1915 3158 peste,
1958 3098 2215 3158 cumque
2252 3083 2704 3144 coniuratorum

227 3172 418 3233 exitio
451 3190 528 3231 ne
571 3172 636 3231 in
677 3169 931 3232 Catilina
967 3173 1210 3251 quidem
1245 3172 1378 3234 fieri
1412 3184 1664 3253 poterat.
1748 3210 1829 3221 -
1864 3183 1985 3237 tum
2018 3182 2083 3237 ta
2117 3175 2388 3256 Iuppiter.
2434 3176 2705 3239 Hahnius

228 3273 351 3329 tum
408 3267 568 3345 quod
623 3267 687 3328 in
742 3270 1050 3330 nonnullis
1112 3268 1284 3330 codd.
1341 3288 1466 3331 non
1518 3272 1775 3352 legitur,
1823 3272 2072 3343 abiecit;
2125 3274 2232 3335 sed
2283 3276 2447 3353 quod
2504 3286 2705 3337 ortum

228 3376 320 3425 est
356 3374 694 3426 monstrum
730 3366 988 3426 videtur.
1073 3364 1222 3427 Nam
1273 3367 1534 3427 secunda
1577 3386 1836 3447 persona
1871 3368 2064 3429 futuri
2108 3369 2418 3431 indicativi
2455 3388 2704 3450 usurpa-

227 3472 331 3521 tur
369 3460 616 3538 quidem
665 3459 878 3543 Latine
914 3472 984 3523 ut
1027 3464 1256 3542 aliquid
1297 3482 1612 3544 rogemuS,
1664 3464 1829 3543 quod
1863 3466 2037 3525 nobis
2072 3484 2421 3527 concessum
2464 3467 2539 3526 iri
2581 3484 2707 3527 non

228 3558 610 3625 dubitamus,
667 3558 848 3618 immo
899 3568 1066 3619 certo
1120 3558 1509 3629 confidimus;
1587 3560 1695 3619 sed
1743 3577 1866 3619 non
1931 3570 2261 3641 usurpatur
2319 3562 2437 3621 nisi
2494 3563 2709 3621 saltem

229 3672 512 3716 sermone
549 3654 850 3713 communi
881 3664 944 3713 et
975 3655 1242 3733 vulgari,
1273 3674 1394 3734 quo
1431 3655 1678 3735 quidem
1699 3655 1776 3715 ad
1796 3653 2000 3718 Iovem
2022 3658 2113 3718 uti
2142 3658 2411 3719 dedecet.
2452 3655 2706 3738 Madvig.

229 3750 427 3812 Gram.
493 3746 622 3809 Lat.
685 3747 734 3829 ὅ
780 3750 915 3809 409.
961 3748 1112 3809 Adn.
1202 3749 1344 3809 Tum
1383 3751 1447 3811 in
1489 3750 2071 3829 comprecationibus
2134 3754 2373 3833 saepius
2429 3751 2705 3813 adhiberi

230 3848 414 3909 docet
476 3844 746 3906 Muretus
799 3864 854 3925 p.
914 3846 1046 3905 574.
1129 3880 1211 3891 -—
1255 3845 1357 3926 qui
1411 3845 1642 3914 iisdem,
1693 3845 1896 3925 quibus
1955 3845 2096 3905 haec
2146 3847 2289 3907 urbs
2334 3846 2612 3925 auspiciis
2666 3864 2706 3907 a

229 3940 471 4003 Romulo
505 3958 564 4000 es
604 3941 955 4003 constitutas.
1040 3942 1119 4002 At
1160 3940 1391 4021 Iupiter
1432 3942 1799 4003 constitutus
1830 3960 1961 4003 esse
2000 3943 2117 4003 dici
2147 3961 2270 4003 non
2298 3954 2528 4023 potest;
2566 3964 2707 4005 nam

229 4047 364 4100 erat
407 4037 514 4097 diu
550 4046 689 4097 ante
725 4034 1060 4099 Romulum.
1125 4038 1397 4100 Halmius
1424 4038 1574 4098 haec
1612 4038 1697 4098 ita
1734 4038 2198 4117 interpretatur,
2234 4040 2418 4101 verba
2453 4059 2585 4101 esse
2628 4042 2705 4101 ab

231 4142 473 4195 oratore
514 4133 671 4195 sacta
707 4134 782 4195 ad
817 4132 975 4196 Iovis
1011 4136 1283 4216 signum,
1325 4135 1487 4216 quod
1522 4135 1586 4194 in
1626 4152 1701 4211 eo
1743 4136 1968 4213 templo
1997 4144 2130 4196 erat
2172 4136 2541 4197 collocatum.
2627 4133 2709 4194 At

230 4231 526 4311 templum
588 4231 739 4291 illud
789 4230 922 4291 fieri
979 4232 1230 4303 demum,
1277 4234 1450 4296 iussit
1502 4230 1761 4293 Senatus
1815 4252 1865 4291 a.
1917 4251 1975 4292 u.
2034 4252 2082 4292 c.
2132 4234 2269 4293 460.
2324 4228 2451 4290 Liv.
2502 4228 2570 4288 X.
2609 4230 2707 4289 37.

229 4360 314 4372 -—-
362 4326 642 4387 Statorem
677 4325 852 4387 haias
893 4326 1055 4387 urbis
1097 4335 1262 4408 atque
1303 4328 1532 4408 imperii
1571 4344 1699 4388 vere
1740 4326 2115 4387 nominamus.
2181 4325 2249 4385 In
2292 4325 2516 4405 templo
2550 4323 2709 4385 Iovis

232 4420 492 4481 Statoris
526 4421 677 4483 haec
718 4422 837 4483 dici
883 4423 1212 4484 absurdum
1253 4434 1374 4485 est:
1430 4440 1769 4503 cognomen
1804 4421 1966 4483 enim
2012 4418 2266 4481 Statoris
2307 4422 2365 4481 ei
2407 4420 2616 4480 datum
2645 4430 2711 4480 et

233 4519 530 4596 templum
585 4537 658 4578 eo
707 4520 948 4581 nomine
999 4528 1208 4581 votum
1265 4540 1295 4580 a
1351 4520 1608 4593 Romulo
1655 4537 1788 4579 csse
1839 4516 2155 4577 dicebatur
2204 4529 2266 4578 et
2316 4516 2708 4587 credebatur,

234 4612 401 4692 quod
443 4613 646 4693 sugam
695 4614 1100 4678 Romanorum
1141 4617 1205 4678 in
1255 4618 1482 4696 praelio
1537 4635 1676 4677 cum
1735 4614 1973 4675 Sabinis
2023 4613 2268 4674 stitis-set.
2352 4611 2545 4691 Igitur
2586 4629 2711 4675 non

235 4728 382 4769 vere
457 4708 739 4771 Statorem
805 4712 968 4773 urbis
1035 4720 1200 4793 atque
1265 4712 1494 4791 imperii
1549 4732 1688 4774 eum
1756 4712 1955 4772 dicere
2022 4719 2257 4790 poterat
2313 4708 2712 4769 constitutum

235 4805 452 4868 iisdem
495 4807 797 4887 auspiciis,
841 4808 1059 4889 quibus
1114 4810 1239 4892 ipsa
1288 4808 1489 4873 Roma.
1573 4845 1654 4885 7-
1703 4826 1740 4871 a
1785 4808 1901 4873 tais
1944 4806 2069 4870 aris
2117 4803 2424 4885 ceterisque
2472 4800 2711 4881 templis.

2210 4916 2301 4981 ¹7*
