3375 5500
596 371 638 411 Χ
649 367 759 412 xlv

598 556 771 642 apud
800 556 1186 622 Ciceronem
1223 556 1555 625 invenitur
1587 567 1609 608 1
1625 561 1713 644 ¹⁸)
1728 606 1743 622 .
1835 556 2049 642 Igitur
2078 557 2325 646 placuit
2356 560 2657 630 Ciceroni
2696 562 2854 630 haec
2890 563 3081 632 edere

598 675 905 759 quoniam
951 677 1429 745 Demosthenes
1465 678 1757 744 ediderat
1804 679 2198 767 Philippicas
2213 729 2233 760 ,
2280 681 2459 767 quod
2500 705 2705 770 quum
2748 705 2865 768 per
2900 705 2970 749 se
3006 683 3083 750 fit

595 795 945 862 ridiculum
963 845 985 875 ,
1027 805 1171 865 tum
1217 805 1467 884 pugnat
1507 819 1659 864 cum
1705 798 1828 898 iis,
1873 821 2041 883 quae
2077 801 2300 867 statim
2344 800 2778 886 praecedunt:
2817 823 2888 868 se
2926 801 3081 867 scri-

602 914 756 981 bere
827 916 1181 984 excitatum
1245 918 1881 985 adolescentulorum
1950 921 2215 1000 studiis,
2276 928 2345 987 et
2386 920 2471 986 ad
2536 920 2833 987 Atticum
2887 941 2961 986 se
3006 941 3085 986 ea

603 1035 864 1102 mittere
881 1085 902 1116 ‚
957 1038 1136 1123 quod
1191 1039 1390 1106 etiam
1433 1060 1586 1104 eum
1631 1038 2047 1106 delectarent.

687 1155 951 1222 Insulsa
993 1163 1060 1224 et
1103 1157 1326 1242 inepta
1363 1163 1466 1224 est
1499 1157 1616 1222 illa
1657 1159 2057 1243 comparatio
2105 1159 2619 1245 Philippicarum
2658 1169 2677 1206 1
2692 1162 2783 1242 1θ’)
2836 1163 2903 1222 et
2940 1176 3086 1221 ora-

595 1273 853 1339 tionum
927 1299 968 1340 a
1029 1275 1345 1341 Cicerone
1418 1276 1489 1340 in
1555 1277 1902 1342 consulatu
1957 1276 2351 1342 habitarum.
2441 1275 2842 1361 Philippicae
2907 1275 3085 1340 enim

597 1415 805 1460 unum
857 1395 1204 1461 consilium
1248 1401 1578 1480 spectant,
1643 1395 1971 1462 orationes
2036 1395 2189 1462 illae
2240 1395 2574 1462 Ciceronis
2632 1393 3085 1461 diversissimis

602 1511 683 1578 de
747 1514 942 1580 rebus
997 1515 1275 1601 scriptae
1329 1521 1520 1581 sunt:
1587 1535 1797 1600 aeque
1848 1513 2125 1579 ridicula
2180 1521 2280 1580 est
2326 1514 2468 1599 ipsa
2517 1513 2725 1580 Attici
2774 1513 3048 1579 oratoris
3062 1559 3085 1590 ,

604 1635 826 1717 (quem
857 1635 1196 1701 nominare
1231 1635 1541 1701 adiuncto
1583 1635 2081 1719 Philippicarum
2117 1634 2386 1702 nomine
2428 1633 2765 1698 falsarium
2795 1633 3085 1722 prodit),

601 1758 668 1817 et
740 1753 1024 1820 Romani
1093 1754 1492 1840 comparatio
1507 1779 1529 1834 ,-
1591 1775 1747 1818 nam
1809 1753 2043 1819 Cicero
2099 1753 2233 1818 iam
2292 1751 2409 1817 diu
2468 1757 2620 1818 ante
2672 1751 3088 1818 consulatum

599 1893 789 1956 saepe
863 1873 943 1937 de
1015 1873 1404 1956 gravissimis
1467 1873 1662 1940 rebus
1734 1873 1996 1938 locutus
2062 1877 2242 1951 erat3
2314 1871 2793 1938 Demosthenes
2861 1876 3091 1936 contra

595 1989 810 2076 priore
867 1990 1038 2056 vitae
1096 1997 1282 2076 parte
1357 2012 1492 2057 non
1548 1991 1686 2074 egit
1758 2011 1984 2056 causas
2058 1989 2188 2054 nisi
2266 1990 2433 2054 aliis.
2546 1988 2769 2055 Etiam
2846 1989 3084 2054 falsum

600 2114 699 2174 est
746 2108 1261 2176 Demosthenem
1313 2109 1556 2177 ideirco
1599 2131 1825 2176 causas
1872 2109 2152 2196 privatas
2200 2107 2543 2193 reliquisse
2590 2113 2669 2172 ut
2716 2105 3081 2188 σεμνότερός

599 2251 695 2300 τις
745 2227 850 2292 καὶ
903 2229 1373 2310 πολιτικώτερος
1416 2226 1766 2294 videretur.
1860 2230 2100 2313 Neque
2142 2226 2329 2293 video
2375 2249 2505 2312 quo
2552 2227 2696 2292 iure
2740 2226 2895 2294 illae
2944 2247 3084 2292 ora-

599 2348 812 2413 tiones
861 2347 1238 2413 consulares
1289 2347 1416 2414 dici
1465 2347 1719 2433 possint
1730 2373 1752 2427 3
1796 2384 1888 2399 --
1920 2347 2262 2414 consulare
2312 2345 2489 2412 enim
2530 2347 2658 2412 hoc
2714 2353 2847 2425 est,
2906 2345 3082 2431 quod

596 2472 695 2534 est
729 2467 1062 2553 proprium
1103 2467 1392 2534 consulis
1429 2470 1576 2552 ¹²⁰).
1661 2467 1736 2531 Si
1776 2467 1982 2551 igitur
2010 2467 2156 2532 illas
2186 2487 2412 2533 omnes
2446 2466 2675 2533 consul
2712 2487 2793 2531 ex
2833 2464 3083 2542 officio,

596 2594 674 2655 ut
715 2611 836 2655 nos
889 2588 1256 2675 loquimur,
1318 2587 1549 2654 habuit
1565 2636 1584 2668 ‚
1628 2587 2037 2654 defensorem
2084 2587 2245 2654 haec
2286 2585 2537 2652 locutio
2581 2587 2855 2652 fortasse
2903 2585 3084 2651 inve-

597 2706 770 2774 niret
779 2732 799 2787 ,-
847 2729 1023 2774 nunc
1066 2728 1218 2774 vero
1257 2729 1464 2793 aeque
1496 2706 1851 2774 absurdum
1889 2712 1989 2774 est
2027 2727 2102 2773 ac
2111 2752 2141 2787 ,-
2174 2705 2231 2773 si
2266 2705 2493 2773 Cicero
2532 2704 2655 2771 hoc
2691 2724 2900 2781 anno,
2947 2725 3081 2788 quo

597 2826 827 2891 consul
885 2833 1057 2906 erat,
1103 2826 1309 2893 filiolo
1352 2832 1580 2893 auctus
1627 2834 1798 2893 esset
1815 2875 1838 2905 ,
1882 2827 2059 2893 hunc
2100 2846 2379 2912 puerum
2425 2825 2635 2889 filium
2674 2822 3084 2888 consularem

598 2944 656 3009 si
699 2943 1078 3015 diceremus.
1145 2947 1492 3012 Praeterea
1526 2946 1599 3010 in
1638 2966 1868 3013 omnes
1902 2968 2042 3013 non
2090 2944 2396 3011 convenit
2438 2944 2619 3028 quod
2660 2941 2820 3007 dicit
2863 2962 3085 3027 perso-

597 3069 792 3129 natus
850 3065 1118 3142 Cicero,
1172 3087 1245 3131 se
1291 3065 1372 3131 ab
1427 3064 1721 3131 iudiciali
1770 3064 2029 3131 dicendi
2080 3084 2314 3149 genere
2358 3084 2428 3128 se
2478 3061 2887 3139 abiunxisse3
2931 3082 3085 3125 nam

600 3205 680 3249 ex
748 3204 830 3248 eo
893 3204 1129 3268 genere
1183 3190 1282 3249 est
1337 3184 1547 3250 oratio
1597 3206 1717 3269 pro
1776 3184 2044 3251 Rabirio
2064 3233 2085 3262 ,
2130 3184 2286 3250 licet
2330 3181 2415 3248 ad
2471 3182 2786 3267 populum
2839 3180 3082 3247 habita.

596 3305 838 3391 Neque
873 3304 1028 3371 illae
1069 3304 1397 3371 orationes
1443 3303 1849 3369 coniunctim
1897 3309 2085 3382 σῶμα
2134 3304 2385 3369 efficere
2425 3301 2553 3366 dici
2601 3286 2916 3387 possunt3
2962 3302 3085 3368 hoe

602 3424 814 3500 enim,
857 3430 935 3488 ut
976 3444 1208 3508 corpus
1243 3425 1370 3507 ¹²1)
1421 3428 1771 3506 usurpatur
1808 3421 1893 3487 de
1936 3422 2321 3489 collectione
2340 3470 2361 3499 ,
2405 3422 2521 3487 sed
2552 3422 2680 3487 dici
2706 3444 2843 3489 non
2870 3429 3085 3508 potest

600 3540 728 3607 nisi
775 3538 856 3605 de
903 3541 1096 3607 rebus
1145 3562 1312 3625 quae
1358 3542 1721 3608 necessario
1775 3543 2162 3620 cohaerent,
2208 3540 2387 3626 quod
2438 3562 2579 3611 non.
2612 3540 2788 3607 cadit
2836 3542 2907 3604 in
2966 3541 3080 3605 hm

602 3660 930 3726 orationes
977 3682 1018 3724 a
1071 3659 1384 3726 Cicerone
1428 3661 1695 3728 consule
1745 3661 2001 3729 habitas
2018 3710 2040 3740 ‚
2103 3659 2339 3746 quibus
2390 3659 2589 3725 etiam
2641 3659 2822 3726 deest
2875 3658 3085 3723 oratio

601 3802 722 3867 pro
767 3781 1090 3847 Muraena
1133 3781 1414 3847 ambitus
1447 3802 1581 3849 reo.
1672 3783 1895 3850 Etiam
1946 3783 2070 3848 hoc
2117 3781 2357 3847 mirum
2405 3779 2607 3845 videri
2649 3782 2865 3862 potest
2900 3777 3083 3843 Cice-

605 3920 834 3965 ronem
875 3900 1009 3964 iam
1056 3907 1250 3969 antea
1264 3947 1287 3980 ,
1332 3923 1570 3988 nempe
1610 3901 1804 3967 initio
1852 3902 2008 3967 anni
2034 3897 2383 3984 superioris
2412 3897 2517 3961 VI
2543 3895 2692 3961 Kal.
2724 3895 2911 3965 Febr.
2928 3946 2950 3976 ,
2983 3899 3079 3961 Μ.

674 4226 762 4293 1¹²³)
796 4226 903 4280 Cic.
938 4228 1090 4279 Verr.
1124 4227 1200 4277 11.
1231 4242 1286 4278 n.
1331 4233 1408 4279 13.
1436 4229 1463 4293 §
1491 4234 1588 4292 33,
1629 4234 1711 4281 16.
1746 4232 1773 4298 9
1807 4239 1893 4285 39.
1928 4234 2002 4285 11.
2037 4248 2075 4284 1.
2113 4235 2197 4283 26.
2233 4232 2258 4297 §
2290 4235 2377 4283 65.
2409 4232 2473 4281 de
2508 4230 2647 4283 Orat.
2684 4231 2787 4282 111.
2829 4235 2908 4281 23.
2946 4230 2972 4295 9
3008 4234 3090 4279 87.

675 4309 761 4377 ¹¹⁹)
793 4310 899 4362 Cic.
933 4326 986 4375 p.
1019 4311 1145 4361 Rab.
1181 4312 1208 4377 9
1241 4317 1326 4368 38.

676 4392 762 4460 1²⁰)
794 4392 982 4445 Nescio
1013 4409 1114 4460 quo
1149 4410 1316 4449 errore
1351 4398 1537 4451 factum
1572 4400 1664 4462 sit,
1704 4408 1758 4453 ut
1791 4401 1940 4455 Wolf
1968 4404 2063 4455 hoc
2102 4404 2213 4453 loco
2254 4414 2539 4453 sermonem
2578 4412 2684 4451 esse
2714 4405 2853 4464 putet
2876 4400 2939 4450 de
2956 4396 3093 4450 Cice·

607 4480 746 4532 ronis
778 4479 1094 4543 Philippicis.
1164 4481 1366 4547 Proleg.
1403 4486 1469 4535 ad
1503 4486 1735 4537 Marcell.
1771 4503 1819 4552 p.
1858 4487 2068 4540 va.
2105 4488 2222 4537 adn.
2260 4485 2294 4537 f.

677 4560 762 4631 ¹²¹)
797 4565 912 4615 Hoc
940 4564 1111 4615 vocab.
1141 4566 1299 4617 utitur
1327 4566 1433 4619 Cic.
1464 4570 1609 4621 Brut.
1641 4574 1725 4622 57.
1757 4572 1784 4637 9
1819 4578 1935 4623 208.
2011 4594 2035 4616 u
2054 4572 2159 4623 Sed
2188 4570 2317 4622 nihil
2346 4570 2569 4619 vitiosius
2586 4584 2768 4634 quam,
2800 4583 2914 4619 cum
2933 4582 3093 4617 unum

613 4656 791 4715 corpus
820 4651 999 4704 debeat
1033 4664 1138 4704 esse
1168 4650 1496 4721 defensionis,
1530 4656 1667 4708 nasci
1703 4657 1765 4711 de
1800 4658 1998 4724 integro
2032 4672 2252 4720 causam,
2287 4670 2404 4707 cum
2437 4655 2500 4705 sit
2535 4654 2599 4705 ab
2628 4654 2785 4707 altero
2814 4653 3097 4716 perorata.'’
