3375 5500
1445 458 1526 521 17

240 673 400 743 vata
461 669 709 742 domus
774 664 1154 764 parietibus
1205 665 1552 739 continere
1609 689 1806 739 voees
1859 665 2346 746 coniurationis
2387 675 2545 747 tuae
2596 677 2689 768 18)

239 796 521 895 potest?
572 795 630 868 si
675 793 1110 868 illustrantur
1125 851 1146 880 ‚
1199 793 1260 866 si
1303 801 1677 891 erumpunt
1717 792 2001 868 omnia?
2070 795 2279 872 Muta
2316 799 2456 875 iam
2487 801 2697 879 istam

238 929 550 997 mentem
571 981 592 1010 ‚
660 921 832 996 mihi
892 921 1093 996 crede
1115 979 1134 1010 ,
1200 919 1596 995 obliviscere
1659 921 1887 996 caedis
1934 929 2144 1022 atque
2195 925 2689 1008 incendiorum.

237 1049 528 1126 Teneris
572 1049 926 1148 undique3
977 1048 1132 1123 luce
1175 1056 1337 1122 sunt
1381 1047 1662 1124 clariora
1700 1049 1902 1124 nobis
1938 1057 2060 1125 tua
2098 1053 2383 1130 consilia
2424 1059 2692 1148 omnia;

238 1204 422 1278 quae
458 1180 598 1255 iam
639 1204 913 1253 mecum
947 1178 1105 1252 licet
1136 1201 1603 1277 recognoscas.
1706 1181 1771 1254 7.
1822 1179 2298 1256 Meministine
2316 1242 2335 1272 ,
2382 1209 2495 1260 me
2530 1197 2694 1262 ante

233 1307 429 1383 diem
500 1308 651 1382 XII
719 1307 1074 1382 Kalendas
1134 1305 1549 1381 Novembris
1629 1305 1853 1381 dicere
1925 1307 1999 1380 in
2056 1309 2317 1385 Senatu
2337 1370 2356 1400 ,
2421 1313 2565 1388 fore
2615 1315 2690 1390 in

229 1438 452 1512 'armis
510 1444 694 1511 certo
749 1436 895 1523 die,
957 1435 1079 1535 qui
1154 1435 1298 1510 dies
1360 1434 1640 1509 futurus
1694 1442 1877 1510 esset
1934 1443 2095 1512 ante
2139 1440 2325 1515 diem
2377 1440 2485 1515 VI
2526 1443 2687 1520 Kal.

227 1565 670 1639 Novembres
694 1623 713 1653 ,
768 1565 850 1638 O.
897 1563 1220 1638 Mallium
1236 1623 1256 1651 ,
1307 1564 1632 1640 audaciae
1693 1564 2059 1641 satellitem
2112 1575 2322 1666 atque
2359 1569 2690 1646 adminis-

233 1701 430 1767 trum
478 1693 690 1768 tuae?
788 1693 986 1767 Num
1023 1717 1136 1767 me
1171 1691 1449 1779 fefellit,
1501 1692 1831 1782 Catilina,
1864 1718 2021 1768 anon
2060 1695 2275 1769 modo·
2306 1721 2419 1771 res
2458 1704 2690 1789 tanta,

233 1830 388 1895 tam
438 1828 663 1909 atrox,
699 1827 846 1896 tam
879 1820 1300 1896 incredibilis
1316 1879 1336 1908 ‚
1386 1845 1621 1896 verum
1644 1880 1663 1910 ,
1713 1822 1790 1896 id
1832 1823 2021 1921 quod
2057 1823 2279 1897 multo
2314 1827 2537 1926 magis
2586 1837 2693 1902 est

235 1949 727 2025 admirandum
741 2008 761 2037 ‚
831 1947 1026 2024 dies?
1121 1949 1290 2024 Dixi
1357 1974 1489 2049 ego
1545 1949 1736 2024 idem
1796 1948 1875 2024 in
1943 1957 2188 2026 senatu
2210 2011 2231 2040 ‚
2290 1955 2572 2030 caedem
2622 1965 2692 2031 te

235 2079 684 2178 optimatium
730 2078 1101 2153 contulisse
1149 2078 1222 2152 in
1277 2086 1436 2153 ante
1485 2077 1672 2154 diem
1716 2078 1784 2151 V
1820 2079 2175 2157 Kalendas
2215 2081 2645 2159 Novembres
2667 2143 2688 2174 ,

237 2216 396 2282 tum
440 2231 660 2306 quum
713 2205 918 2281 multi
964 2206 1307 2305 principes
1357 2207 1652 2284 civitatis
1706 2208 1933 2284 Roma
1978 2234 2116 2284 non
2171 2218 2314 2285 tam
2370 2213 2478 2287 sui
2527 2238 2689 2288 con-

329 2337 394 2405 ιε)
433 2337 613 2406 [ωηο]

229 2582 366 2624 esse
410 2561 469 2622 h.
510 2563 578 2622 l.:
620 2568 674 2621 ct
712 2579 886 2641 quum
932 2580 1027 2622 res
1074 2561 1160 2624 ita
1201 2562 1306 2632 sit,
1347 2581 1557 2642 quaero
1650 2562 1871 2626 Handii
1916 2564 2166 2627 Tursell.
2210 2587 2264 2646 p.
2302 2566 2435 2628 543.
2480 2568 2596 2627 vol.
2633 2566 2704 2628 II.

231 2659 551 2739 Exempla,
590 2677 746 2739 quae
790 2658 1018 2719 ibidem
1059 2660 1385 2721 laudantur
1425 2679 1502 2723 ex
1537 2660 1655 2722 Cic.
1687 2659 1847 2741 Disp.
1886 2660 2055 2723 Tuse.
2076 2661 2172 2723 IV.
2197 2664 2291 2722 17.
2312 2663 2361 2744 5
2380 2663 2477 2724 40.
2521 2661 2585 2724 V.
2610 2663 2705 2724 17.

231 2758 280 2841 5
319 2758 415 2819 48.
468 2758 544 2818 de
595 2755 664 2817 N.
715 2753 782 2815 D.
832 2754 875 2815 Ι.
928 2756 1022 2817 27.
1074 2755 1124 2837 S
1166 2756 1260 2817 77.
1303 2758 1674 2819 contrarium
1725 2758 1885 2827 eius,
1938 2759 2102 2838 quod
2153 2757 2425 2820 Handius
2482 2761 2706 2830 voluit,

233 2855 490 2935 probare
532 2852 850 2920 videntur,
893 2869 1090 2932 neque
1133 2853 1301 2913 locus
1341 2871 1418 2913 ex
1460 2852 1577 2914 Cic.
1614 2851 1809 2915 Divin.
1852 2852 1923 2915 Π.
1960 2857 2054 2915 69.
2092 2854 2141 2935 5
2176 2855 2309 2915 142.
2346 2874 2479 2916 eam
2521 2856 2705 2936 signi-

231 2954 577 3015 ficationem
637 2950 959 3011 admittere
1022 2947 1280 3009 videtur.
1396 2982 1478 2994 —-
1532 2950 1821 3010 continere
1880 2968 2052 3011 voces.
2158 2950 2359 3011 Vocem
2419 2951 2707 3011 continere

232 3049 554 3131 signifieat:
598 3048 802 3115 silere,
843 3055 1071 3115 tacere,
1111 3054 1183 3105 ut
1223 3055 1317 3107 est
1358 3045 1516 3124 apud
1567 3044 1684 3106 Cic.
1727 3064 1837 3125 pro
1879 3044 2023 3106 Rah.
2076 3047 2243 3126 perd.
2285 3065 2393 3108 reo
2425 3050 2481 3109 6.
2524 3046 2573 3127 5
2608 3047 2704 3108 18.

231 3147 395 3227 quod
436 3146 514 3206 de
555 3143 801 3205 homine
850 3153 1016 3205 recte
1065 3143 1322 3224 legitur,
1371 3143 1479 3203 sed
1520 3142 1596 3203 de
1646 3142 1828 3203 domo
1876 3142 1997 3203 dici
2039 3160 2163 3204 non
2203 3153 2420 3225 potest.
2504 3143 2705 3205 Conti-

232 3262 378 3305 nere
407 3241 632 3303 dicitur
661 3240 739 3300 de
774 3256 873 3309 eo,
908 3241 1071 3318 quod
1106 3238 1336 3319 aliquid
1369 3248 1566 3318 potest
1601 3257 1847 3319 capere,
1881 3238 2047 3319 quod
2080 3258 2267 3319 capax
2300 3250 2409 3301 est.
2467 3241 2547 3300 At
2583 3258 2706 3301 om-

232 3339 326 3399 nis
382 3338 597 3397 domus
639 3344 840 3415 potest
895 3352 1282 3414 quascunque
1338 3352 1516 3395 voces
1571 3335 1609 3395 i.
1659 3353 1713 3395 e.
1772 3334 2063 3395 clamores
2118 3324 2255 3416 (Cic.
2301 3334 2449 3395 Phil.
2493 3334 2564 3395 II.
2608 3336 2705 3394 41.

232 3434 278 3515 3
305 3433 465 3516 105.)
501 3433 831 3493 continere.
913 3466 996 3477 --
1028 3430 1352 3493 obliviscere
1385 3430 1590 3491 caedis.
1675 3429 1755 3491 At
1782 3449 1905 3491 non
1942 3430 2353 3492 obliviscimur
2386 3430 2502 3490 nisi
2539 3449 2707 3510 prae-

234 3534 440 3600 terita3
483 3549 606 3591 non
649 3538 977 3608 usurpatur
1015 3526 1131 3589 hoe
1173 3547 1298 3590 voc.
1340 3528 1417 3589 de
1460 3528 1715 3596 futuriS,
1756 3529 1854 3589 vel
1896 3528 1971 3588 de
2016 3529 2367 3589 omittendis
2409 3530 2509 3598 iis,
2551 3546 2706 3608 quae

235 3629 430 3689 facere
487 3628 553 3687 in
594 3627 797 3687 animo
843 3624 1152 3685 habemus.
1248 3659 1330 3669 -—
1384 3624 1512 3684 licet
1564 3641 1961 3702 recoqnoscas,
2017 3644 2085 3684 ac
2134 3625 2184 3684 si
2235 3624 2489 3684 Catilina
2544 3624 2709 3683 illam

235 3723 712 3804 recognitionem
748 3724 1124 3803 postulasset.

313 3821 698 3883 Meministine
1097 3818 1196 3879 secl
1235 3818 1407 3877 etiam
1447 3816 1670 3876 videam
1705 3816 1991 3895 planeque
2030 3815 2286 3876 sentiam.
2369 3847 2451 3859 —
2480 3811 2607 3889 fore
2645 3810 2713 3873 in

239 3918 422 3979 armis
480 3916 536 3978 G.
580 3914 862 3977 Mallium.
946 3913 1275 3995 improprie
1335 3912 1452 3974 hoc
1493 3912 1719 3972 dieitur
1768 3929 1877 3992 pro
1920 3929 2023 3980 eo,
2075 3911 2241 3992 quod
2287 3912 2419 3972 vult
2476 3919 2709 3972 orator:

238 4015 295 4076 C.
336 4014 602 4076 Mallium
646 4015 710 4073 in
759 4013 970 4073 castris
1011 4012 1318 4080 futurum,
1361 4008 1695 4070 exereitum
1738 4007 2121 4077 habiturum;
2162 4026 2303 4067 nam
2352 4007 2455 4067 »in
2496 4006 2712 4068 iisdem

242 4112 420 4172 armis
469 4110 636 4171 esse”
680 4110 911 4190 signifi:
952 4109 1028 4169 ab
1077 4109 1293 4170 iisdem
1334 4106 1606 4186 partibus
1648 4115 1843 4175 stare,
1885 4106 1950 4166 in
1993 4104 2207 4165 eodem
2250 4104 2520 4165 exercitu
2562 4119 2711 4161 esse.

241 4208 355 4271 Cic.
405 4227 515 4289 pro
557 4206 684 4288 Lig.
738 4206 792 4267 3.
849 4205 898 4287 S
944 4208 998 4266 9.
1103 4238 1184 4251 ·—-
1223 4223 1360 4265 num
1407 4222 1495 4263 mc
1538 4202 1777 4280 fefellit,
1821 4236 1904 4247 —
1964 4221 2081 4262 non
2142 4200 2305 4261 modo
2358 4217 2453 4259 res
2514 4200 2709 4263 tanta,

243 4310 358 4365 tam
419 4302 632 4372 atroce.
681 4310 823 4363 cett.
942 4298 1052 4361 His
1111 4301 1312 4361 verbis
1375 4300 1564 4380 igitur
1625 4298 1856 4359 indicat
1918 4315 2041 4357 non
2100 4314 2230 4356 esse
2293 4291 2714 4354 admirandum

243 4420 370 4463 rem
433 4410 730 4468 atrocem,
788 4396 1204 4458 incredibilem
1267 4414 1332 4457 se
1386 4413 1512 4456 non
1570 4394 1795 4461 latere;
1848 4392 2062 4471 quodsi
2124 4408 2223 4449 res
2278 4390 2404 4468 ipsa
2455 4388 2511 4448 ei
2561 4386 2714 4448 indi-

247 4506 376 4557 cata
434 4505 592 4565 erat,
655 4498 839 4557 etiam
900 4495 1060 4555 sacili
1117 4494 1366 4573 negotio
1426 4492 1503 4552 de
1559 4491 1659 4551 die
1730 4488 1956 4547 certior
2011 4485 2143 4545 fieri
2208 4493 2475 4564 poterat:
2522 4482 2717 4542 multo

245 4596 436 4674 magis
501 4594 847 4655 mirandum
918 4601 1050 4653 erat
1117 4610 1248 4651 rem
1310 4591 1502 4669 ipsam
1570 4587 1647 4648 ad
1713 4583 2017 4644 Ciceronis
2084 4580 2365 4641 notitiam
2431 4578 2550 4638 iam
2612 4576 2718 4635 diu

249 4702 386 4751 ante
444 4690 822 4772 pervenisse,
878 4708 1058 4769 quam
1120 4688 1176 4748 ei
1202 4733 1217 4756 ,
1278 4706 1347 4747 re
1397 4687 1523 4766 ipsa
1564 4682 1837 4764 cognita,
1888 4680 2051 4740 diem
2106 4694 2348 4758 quoque
2403 4672 2587 4734 fuisse
2629 4672 2718 4731 in-

250 4786 528 4849 dicatum.
631 4820 713 4833 --
774 4791 908 4847 ante
947 4783 1098 4846 diem
1155 4782 1204 4844 V
1243 4780 1371 4845 Kal.
1424 4780 1562 4843 Nov.
1660 4776 1771 4841 Hic
1828 4776 1959 4839 dies
2006 4775 2123 4838 suit
2165 4770 2547 4835 comitiorum
2584 4786 2721 4827 con-

2308 4884 2408 4947 5*
