3375 5500
1521 371 1642 434 37·

324 581 540 682 perit,
592 581 907 655 voluntas
953 577 1296 666 exercuit,
1345 577 1624 654 fortuna
1669 579 1981 654 servavit.
2088 581 2473 679 Nunquam
2518 589 2600 658 tu
2641 607 2781 660 non

324 709 554 784 modo.
583 708 804 782 otium
826 765 846 796 ,
899 707 1148 782 sed-ne
1187 707 1450 782 bellum
1493 708 1789 806 quidem
1819 708 1953 782 nisi
1995 709 2335 785 nefarium
2376 712 2781 812 concupisti.

324 837 590 912 Nactus
646 837 744 928 5¹³)
813 862 888 910 es
949 861 1031 910 ex
1074 835 1360 935 perditis
1407 841 1618 934 atque
1662 835 1753 910 ab
1804 837 1997 911 omni
2036 862 2177 912 non
2220 839 2429 914 modo
2464 839 2776 928 fortuna,

320 989 556 1040 verum
627 966 836 1040 etiam
898 990 1020 1064 spe
1083 963 1422 1038 derelictis
1488 964 1855 1038 conflatam
1923 965 2398 1065 improborum
2467 991 2779 1043 manum.

320 1096 435 1170 37.
506 1093 647 1169 Hic
686 1103 768 1169 tu
809 1117 948 1193 qua
990 1093 1250 1168 laetitia,
1289 1093 1681 1192 perfruere?
1732 1093 1990 1192 quibus
2031 1094 2305 1193 gaudiis
2346 1096 2775 1171 exsultabis?

317 1229 579 1319 quanta
635 1223 708 1296 in
757 1223 1107 1321 voluptate
1150 1221 1570 1296 bacchabere
1592 1279 1610 1310 ,
1661 1247 1884 1321 quum
1925 1223 1999 1296 in
2045 1231 2241 1298 tanto
2290 1249 2582 1298 numero
2616 1231 2771 1298 tuo·-

313 1375 470 1425 rum
529 1373 756 1450 neque
823 1351 1064 1426 audies
1126 1352 1350 1424 virum
1403 1350 1664 1424 bonum
1708 1375 2133 1452 quemquam
2181 1377 2410 1453 neque
2452 1351 2773 1426 videbis?

409 1505 470 1576 ⁸⁹)
509 1519 732 1564 nanctus.

307 1840 427 1880 non
493 1821 814 1882 admodum
869 1823 1014 1883 felix
1070 1821 1187 1881 fuit
1238 1830 1456 1881 orator.
1557 1845 1582 1872 1>
1603 1819 1696 1880 Ad
1748 1821 2070 1880 amentiam
2114 1830 2331 1882 natura
2374 1831 2436 1882 te
2479 1823 2781 1902 peperit”‚

305 1927 470 1978 recte
511 1918 765 1986 dicitur,
816 1918 946 1978 sed:
995 1916 1257 1978 volumtas
1314 1925 1366 1976 te
1415 1917 1668 1977 emarcuit
1712 1915 1789 1976 ad
1830 1914 2174 1984 amentiam,
2228 1933 2352 1976 non
2388 1918 2566 1987 item;
2610 1938 2781 1980 exer-

301 2031 510 2072 cemur
556 2014 718 2074 enim
773 2013 1078 2075 laboribus
1096 2059 1114 2081 ,
1167 2013 1436 2081 fortuna,
1477 2012 1715 2073 casibus
1732 2059 1747 2081 ,
1791 2013 2111 2080 similibus;
2156 2013 2265 2072 sed
2306 2031 2431 2074 non
2468 2017 2780 2078 voluntate

301 2110 376 2169 ad
409 2110 672 2188 aliquem
707 2128 851 2170 rem.
937 2109 1113 2178 Quod
1147 2111 1451 2189 sequitur:
1505 2133 1530 2162 ι
1544 2110 1787 2187 fortuna
1836 2116 1889 2170 te
1940 2108 2181 2170 amavit
2224 2109 2301 2169 ad
2342 2111 2683 2181 afluentiam,
2726 2112 2777 2172 si

301 2204 430 2265 fieri
473 2214 704 2285 potest,
755 2206 938 2266 etiam
991 2206 1163 2284 peius
1208 2215 1317 2266 est.
1402 2204 1550 2266 Nam
1607 2207 1808 2285 priore
1858 2208 1992 2266 loco
2028 2207 2275 2266 fortuna
2320 2225 2443 2268 non
2486 2209 2779 2278 servavit,

299 2303 405 2362 sed
448 2311 720 2361 reservat
766 2303 1032 2380 aliquem
1085 2302 1161 2361 ad
1205 2312 1494 2363 eventum
1549 2302 1853 2380 quendam
1910 2303 2007 2362 vel
2052 2302 2129 2362 ad
2174 2312 2411 2382 tempus
2446 2303 2780 2381 quoddam,

299 2408 368 2457 ut
423 2407 517 2458 est
565 2397 726 2477 apud
768 2396 884 2456 Cic.
929 2399 993 2457 in
1045 2395 1210 2458 Verr.
1256 2396 1325 2456 ΙΙ.
1379 2395 1445 2456 V.
1495 2399 1590 2458 4-6.
1627 2396 1676 2478 5
1718 2398 1861 2456 121:
1918 2415 2141 2476 »quos,
2190 2407 2263 2458 ut
2310 2398 2461 2460 mihi
2510 2399 2779 2468 videtur,

300 2493 378 2553 ad
416 2493 659 2553 illorum
707 2492 1126 2554 innocentium
1167 2511 1392 2573 poenas
1433 2493 1678 2554 fortuna
1722 2503 1785 2553 et
1828 2494 1905 2554 ad
1945 2493 2105 2554 hanc
2145 2509 2387 2555 causam
2428 2494 2778 2557 reservavit.

304 2587 529 2657 Quodsi
575 2605 787 2650 verum
831 2599 926 2650 est
961 2589 1124 2669 quod
1167 2589 1326 2658 dixi,
1367 2598 1532 2649 recte
1569 2589 1814 2650 fortuna
1856 2587 2120 2667 aliquem
2161 2606 2473 2650 reservare
2514 2588 2635 2648 dici
2676 2605 2778 2667 po·

301 2694 422 2745 test
465 2686 540 2746 ad
581 2684 940 2767 supplicium
984 2697 1054 2747 ut
1098 2688 1388 2768 scriptum
1439 2695 1530 2747 est
1573 2687 1650 2746 de
1702 2685 1917 2746 Clodio
1970 2685 2131 2765 apud
2182 2683 2558 2746 Ciceronem:
2610 2707 2635 2736 ιι
2654 2699 2777 2742 non

299 2790 359 2842 te
403 2782 638 2843 iudices
675 2784 812 2844 urbi
855 2785 962 2845 sed
998 2786 1222 2846 carceri
1266 2784 1690 2846 reservarunt”
1727 2784 1837 2845 sed
1880 2802 2003 2843 non
2045 2791 2247 2863 potest
2289 2783 2434 2844 dici:
2478 2807 2515 2843 ,π
2533 2781 2776 2841 fortuna

295 2888 355 2937 te
413 2881 746 2940 reservavit
809 2881 885 2941 ad
948 2882 1164 2941 vitium
1213 2878 1570 2961 quoddam.''
1663 2912 1748 2927 --
1794 2880 1973 2941 otium
2028 2898 2145 2941 non
2200 2878 2530 2958 concupisti.
2614 2876 2776 2937 Haec

294 2992 598 3052 apponere
644 2992 768 3035 non
815 2986 950 3037 erat
1001 2994 1180 3057 opus;
1231 2996 1374 3037 nam
1429 2978 1619 3038 otium
1665 2976 1820 3037 nihil
1857 2986 2035 3055 turpe
2077 2976 2295 3044 hahet,
2336 2976 2533 3035 multo
2572 2974 2775 3034 minus

293 3069 592 3129 nefarium
635 3080 757 3140 est;
805 3073 962 3132 male
1007 3073 1198 3153 igitur
1238 3073 1297 3132 h.
1335 3074 1373 3133 l.
1423 3072 1717 3133 Catilinae
1760 3072 2184 3154 exprobratur,
2234 3088 2376 3131 eum
2422 3070 2615 3131 otium
2648 3084 2773 3131 non

293 3166 660 3244 concupisse.
742 3164 1024 3229 Fortasse
1053 3170 1246 3229 otium
1280 3169 1400 3229 hoc
1435 3170 1568 3229 loco
1597 3188 1632 3228 a
1659 3168 1907 3229 rhetore
1949 3169 2212 3248 positum
2240 3177 2334 3228 est
2369 3186 2439 3227 ea
2476 3164 2772 3246 siguifica-

293 3259 458 3321 tionc
495 3270 567 3321 ut
601 3278 804 3340 pacem
843 3264 1186 3344 significare
1237 3266 1401 3325 velit
1493 3298 1576 3310 --
1624 3271 1833 3325 nactus
1870 3284 1931 3324 es
1970 3284 2043 3324 em
2078 3263 2325 3343 perditis
2366 3291 2449 3307 -·—
2494 3261 2771 3341 improbo-

291 3374 422 3416 rum
453 3375 706 3419 monum
791 3358 922 3420 Hoc
955 3372 1120 3421 certe
1155 3378 1280 3421 non
1311 3380 1390 3421 ex
1424 3362 1727 3455 exquisito
1764 3380 1987 3441 genere
2020 3360 2261 3421 dicendi
2290 3368 2401 3420 est.
2459 3355 2775 3426 Quomodo

289 3453 700 3533 improborum
739 3476 984 3517 manum
1027 3458 1292 3518 nancisci
1329 3459 1626 3537 potuisset
1661 3476 1742 3517 ex
1778 3458 2021 3537 optimis
2057 3456 2236 3525 viris,
2278 3456 2375 3517 vel
2413 3452 2775 3533 probrorum

289 3566 536 3609 manum
577 3570 653 3610 ex
689 3552 980 3631 perditis?
1066 3552 1379 3622 Quomodo
1416 3572 1560 3612 usus
1597 3552 1769 3613 verbi
1814 3551 2075 3613 nancisci
2114 3550 2215 3612 hic
2252 3550 2499 3615 defendi
2542 3558 2774 3629 potest,

291 3647 454 3724 quod
488 3648 736 3725 ponitur
768 3650 846 3709 de
895 3668 996 3718 eo,
1038 3649 1102 3708 in
1157 3650 1324 3727 quod
1372 3668 1514 3707 casu
1563 3648 1660 3708 vel
1710 3649 1967 3708 fortuito
2002 3647 2357 3715 incidimus,
2400 3646 2575 3705 cuius
2613 3643 2771 3703 hane

291 3741 410 3800 vim
453 3743 754 3822 propriam
796 3763 926 3805 esse
969 3744 1119 3805 dicit
1155 3743 1423 3805 Donatus
1469 3742 1565 3823 (ad
1611 3741 1743 3802 Ter.
1782 3742 1877 3803 IV.
1908 3743 1963 3802 4.
2011 3741 2127 3822 59.)
2171 3752 2240 3803 ut
2278 3742 2517 3802 dicatur
2552 3739 2628 3799 de
2664 3757 2741 3798 eo

289 3838 393 3914 qui
457 3848 704 3918 paratus
755 3841 832 3901 ad
897 3841 1260 3909 tenendum,
1325 3848 1648 3918 antequam
1714 3839 1904 3917 possit
1969 3838 2238 3915 reperire
2302 3836 2467 3917 quod
2528 3842 2768 3903 teneat,

290 3934 493 3993 statim
535 3936 699 4012 quod
743 3939 1038 4009 occurrit,
1078 3936 1432 4017 prehendit:

490 4048 724 4100 muno,
757 4044 1074 4113 postquam
1111 4033 1412 4094 ademtam
1444 4030 1602 4090 hanc
1639 4046 1880 4108 quoque
1918 4028 2031 4088 tibi
2068 4042 2308 4088 causam
2344 4028 2547 4097 vides;

569 4144 752 4205 puer,
794 4129 936 4207 quia
977 4129 1130 4187 clam
1173 4137 1234 4187 te
1277 4132 1372 4187 est
1413 4136 1624 4194 natue,
1667 4134 1882 4185 nactus
1926 4124 2178 4184 alteram
2222 4123 2342 4184 es?

291 4234 476 4294 quum
525 4233 763 4285 constet
808 4223 1156 4293 Catilinam,
1199 4224 1394 4283 multo
1436 4222 1668 4291 labore,
1712 4220 2063 4300 ingentibus
2098 4218 2424 4287 sumtibuS,
2476 4214 2770 4277 amicitias

291 4310 404 4373 sihi
445 4321 854 4396 comparasse?
939 4319 1121 4380 Pon-o
1166 4320 1329 4399 quod
1374 4319 1620 4380 additur
1655 4334 1755 4396 spe
1792 4315 2081 4377 derelictis
2114 4332 2193 4375 ne
2231 4314 2489 4374 latinum
2522 4310 2769 4391 quidem

291 4418 396 4468 est.
481 4409 550 4471 In
586 4430 658 4474 ea
702 4434 767 4477 re
804 4417 1054 4478 Romani
1097 4417 1378 4477 dicebant
1421 4416 1683 4495 deficere,
1725 4424 1799 4475 ut
1840 4422 1933 4473 est
1982 4432 2037 4473 v.
2087 4431 2137 4471 c.
2176 4411 2413 4490 saepius
2458 4409 2523 4469 in
2567 4406 2767 4467 Verri-

293 4504 416 4564 nis:
457 4526 605 4579 vox,
639 4514 826 4586 vires,
870 4514 1060 4575 latera
1095 4512 1414 4581 deficiunt,
1455 4512 1552 4571 vel
1584 4509 1747 4590 apud
1783 4508 1900 4569 Cic.
1946 4507 2024 4567 ad
2067 4506 2190 4566 Αιι.
2229 4498 2349 4565 VII.
2378 4506 2475 4567 21.
2520 4500 2769 4563 »deficit

291 4600 450 4661 enim
493 4622 615 4666 non
659 4611 964 4677 voluntaS,
989 4608 1114 4668 sed
1151 4607 1338 4687 spes?
1421 4638 1501 4651 --—
1541 4623 1721 4684 nessae
1748 4604 1951 4665 audies
1978 4602 2167 4665 viram
2198 4602 2407 4663 bortum
2432 4614 2768 4680 quamnquam

289 4714 468 4776 neque
500 4701 726 4775 valebis.
810 4706 1076 4765 Iudicavi
1105 4705 1310 4764 simile·
1335 4705 1550 4765 vitium
1586 4703 1830 4763 dicendi
1854 4704 1918 4763 in
1952 4701 2003 4783 S
2024 4704 2107 4773 6.,
2144 4699 2251 4763 ubi
2273 4712 2451 4761 aures
2477 4695 2765 4757 dicuntur
